<!DOCTYPE html>
<html translate="no" lang="ko-KR" data-sentry-component="AdapterLayout" data-sentry-source-file="Layout.tsx">
<head>
    <meta charSet="utf-8"/>
    <meta name="viewport" content="width=device-width, initial-scale=1"/>
    <meta name="viewport" content="width=device-width, initial-scale=1.0, maximum-scale=1.0, user-scalable=0"/>
    <link rel="stylesheet" href="https://front.coupangcdn.com/front-web-next/_next/static/css/14f9741e45918431.css"
          crossorigin="anonymous" data-precedence="next"/>
    <link rel="stylesheet" href="https://front.coupangcdn.com/front-web-next/_next/static/css/1c5623016ac5cc12.css"
          crossorigin="anonymous" data-precedence="next"/>
    <link rel="stylesheet" href="https://front.coupangcdn.com/front-web-next/_next/static/css/7b6ca234eb123eeb.css"
          crossorigin="anonymous" data-precedence="next"/>
    <link rel="stylesheet" href="https://front.coupangcdn.com/front-web-next/_next/static/css/e9b99e404963ba82.css"
          crossorigin="anonymous" data-precedence="next"/>
    <link rel="stylesheet" href="https://front.coupangcdn.com/front-web-next/_next/static/css/c78d9907aeec2bbb.css"
          crossorigin="anonymous" data-precedence="next"/>
    <link rel="stylesheet" href="https://front.coupangcdn.com/front-web-next/_next/static/css/753fd7a723bb9ca8.css"
          crossorigin="anonymous" data-precedence="next"/>
    <link rel="stylesheet" href="https://front.coupangcdn.com/front-web-next/_next/static/css/9d73833fff1926a1.css"
          crossorigin="anonymous" data-precedence="next"/>
    <link rel="stylesheet" href="https://front.coupangcdn.com/front-web-next/_next/static/css/959e7af52bc45220.css"
          crossorigin="anonymous" data-precedence="next"/>
    <link rel="stylesheet" href="https://front.coupangcdn.com/front-web-next/_next/static/css/753b4d1380d3a399.css"
          crossorigin="anonymous" data-precedence="next"/>
    <link rel="stylesheet" href="https://front.coupangcdn.com/front-web-next/_next/static/css/ff09fedfd6921010.css"
          crossorigin="anonymous" data-precedence="next"/>
    <link rel="stylesheet" href="https://front.coupangcdn.com/front-web-next/_next/static/css/2cfcdc254e2e12a7.css"
          crossorigin="anonymous" data-precedence="next"/>
    <link rel="stylesheet" href="https://front.coupangcdn.com/front-web-next/_next/static/css/bbe52ccec0951673.css"
          crossorigin="anonymous" data-precedence="next"/>
    <link rel="stylesheet" href="https://front.coupangcdn.com/front-web-next/_next/static/css/5ab6b9095c10db53.css"
          crossorigin="anonymous" data-precedence="next"/>
    <link rel="stylesheet" href="https://front.coupangcdn.com/front-web-next/_next/static/css/003fc3934bb55539.css"
          crossorigin="anonymous" data-precedence="next"/>
    <link rel="stylesheet" href="https://front.coupangcdn.com/front-web-next/_next/static/css/0f303551d227fb69.css"
          crossorigin="anonymous" data-precedence="next"/>
    <link rel="preload" as="script" fetchPriority="low"
          href="https://front.coupangcdn.com/front-web-next/_next/static/chunks/webpack-72d22a075d386046.js"
          crossorigin=""/>
    <script src="https://front.coupangcdn.com/front-web-next/_next/static/chunks/100b5a73-c04092b9dfdc6dfc.js" async=""
            crossorigin=""></script>
    <script src="https://front.coupangcdn.com/front-web-next/_next/static/chunks/8d14048c-1274d7791efaf21e.js" async=""
            crossorigin=""></script>
    <script src="https://front.coupangcdn.com/front-web-next/_next/static/chunks/409ba913-7b5287b834d8016a.js" async=""
            crossorigin=""></script>
    <script src="https://front.coupangcdn.com/front-web-next/_next/static/chunks/418-83e1747333d3cd6c.js" async=""
            crossorigin=""></script>
    <script src="https://front.coupangcdn.com/front-web-next/_next/static/chunks/main-app-c87d015e90460167.js" async=""
            crossorigin=""></script>
    <script src="https://front.coupangcdn.com/front-web-next/_next/static/chunks/app/global-error-39dc5d6183b6376f.js"
            async="" crossorigin=""></script>
    <script src="https://front.coupangcdn.com/front-web-next/_next/static/chunks/app/not-found-341120c469981776.js"
            async="" crossorigin=""></script>
    <script src="https://front.coupangcdn.com/front-web-next/_next/static/chunks/6619-920abe7360f7cb6c.js" async=""
            crossorigin=""></script>
    <script src="https://front.coupangcdn.com/front-web-next/_next/static/chunks/1089-226532151aa889b2.js" async=""
            crossorigin=""></script>
    <script src="https://front.coupangcdn.com/front-web-next/_next/static/chunks/9870-1886363675d58e6c.js" async=""
            crossorigin=""></script>
    <script src="https://front.coupangcdn.com/front-web-next/_next/static/chunks/7320-7a217574796b76f7.js" async=""
            crossorigin=""></script>
    <script src="https://front.coupangcdn.com/front-web-next/_next/static/chunks/5687-efba6045ee486495.js" async=""
            crossorigin=""></script>
    <script src="https://front.coupangcdn.com/front-web-next/_next/static/chunks/4518-b8cdcf69b4d7edb2.js" async=""
            crossorigin=""></script>
    <script src="https://front.coupangcdn.com/front-web-next/_next/static/chunks/6309-03709609ac40908b.js" async=""
            crossorigin=""></script>
    <script src="https://front.coupangcdn.com/front-web-next/_next/static/chunks/app/srp/page-ccd871b7430fc9fa.js"
            async="" crossorigin=""></script>
    <script src="https://front.coupangcdn.com/front-web-next/_next/static/chunks/2104-051afdb34f5de399.js" async=""
            crossorigin=""></script>
    <script src="https://front.coupangcdn.com/front-web-next/_next/static/chunks/app/srp/layout-db50ecba27aa2aa4.js"
            async="" crossorigin=""></script>
    <meta name="format-detection" content="telephone=no, date=no, email=no, address=no"/>
    <link rel="shortcut icon" href="https://image7.coupangcdn.com/image/coupang/favicon/favicon.ico"
          type="image/x-icon"/>
    <link rel="apple-touch-icon" href="https://image10.coupangcdn.com/image/mobile/v3/web_favicon.png"/>
    <meta http-equiv="x-dns-prefetch-control" content="on"/>
    <link rel="dns-prefetch" href="//assets.coupang.com"/>
    <link rel="dns-prefetch" href="//assets2.coupang.com"/>
    <link rel="dns-prefetch" href="//assets.coupangcdn.com"/>
    <link rel="dns-prefetch" href="//asset1.coupangcdn.com"/>
    <link rel="dns-prefetch" href="//private.coupang.com"/>
    <link rel="dns-prefetch" href="//img1a.coupangcdn.com"/>
    <link rel="dns-prefetch" href="//image1.coupangcdn.com"/>
    <link rel="dns-prefetch" href="//thumbnail1.coupangcdn.com"/>
    <link rel="dns-prefetch" href="//static.coupangcdn.com"/>
    <link rel="dns-prefetch" href="//www.facebook.com"/>
    <link rel="dns-prefetch" href="//www.google.com"/>
    <link rel="dns-prefetch" href="//www.google.co.kr"/>
    <link rel="dns-prefetch" href="//stats.g.doubleclick.net"/>
    <link rel="dns-prefetch" href="//connect.facebook.net"/>
    <title>쿠팡이 추천하는 일본과자 관련 혜택과 특가</title>
    <meta name="description" content="쿠팡이 추천하는 일본과자 특가를 만나보세요. 로켓 와우회원은 다양한 할인과 무료 배송 및 반품 혜택도 누릴 수 있어요."
          data-sentry-element="meta" data-sentry-source-file="SeoMetaTitleDescription.tsx"/>
    <meta property="og:title" content="쿠팡이 추천하는 일본과자 관련 혜택과 특가" data-sentry-element="meta"
          data-sentry-source-file="SeoMetaTitleDescription.tsx"/>
    <meta property="og:description" content="쿠팡이 추천하는 일본과자 특가를 만나보세요. 로켓 와우회원은 다양한 할인과 무료 배송 및 반품 혜택도 누릴 수 있어요."
          data-sentry-element="meta" data-sentry-source-file="SeoMetaTitleDescription.tsx"/>
    <meta property="og:image" content="https://image10.coupangcdn.com/image/mobile/v3/img_fb_like.png"
          data-sentry-element="meta" data-sentry-source-file="SeoCommonOgMetaTags.tsx"/>
    <meta property="og:type" content="website" data-sentry-element="meta"
          data-sentry-source-file="SeoCommonOgMetaTags.tsx"/>
    <meta property="og:site_name" content="쿠팡" data-sentry-element="meta"
          data-sentry-source-file="SeoCommonOgMetaTags.tsx"/>
    <meta property="og:locale" content="ko_KR" data-sentry-element="meta"
          data-sentry-source-file="SeoCommonOgMetaTags.tsx"/>
    <meta property="og:url" content="https://www.coupang.com/np/search?q=일본과자" data-sentry-element="meta"
          data-sentry-source-file="SrpSeoMetaTags.tsx"/>
    <link rel="canonical" href="https://www.coupang.com/np/search?q=일본과자"/>
    <script>
        window['__web_adapter_queue__'] = [];

        window['__weblog_args__'] = [{
            market: 'KR',
            pageName: 'srp',
            domain: 'srp',
            service: 'coupang',
            appCode: 'coupang',
            mode: "production",
            useV2API: true,
            platform: 'web',
            useAutoSendPageViewLog: false,
            tti: {
                "calcType": "excludeRedirect",
                "platformType": "browser",
                "pageName": "srp",
                "async": false,
            }
        }];
        window['__jslog_args__'] = ['srp', "production", {
            memberSrl: "",
            pcid: "44397986259666936741586",
            pageName: 'srp',
            domain: 'coupang_front_web',
            instanceId: 'prod-655649898c-twwsz'
        }];
    </script>
    <script>document.querySelectorAll('body link[rel="icon"], body link[rel="apple-touch-icon"]').forEach(el => document.head.appendChild(el))</script>
    <meta name="sentry-trace" content="1436c4e3e7b123b6fdb3341ce2ce37f1-6242876ae323e14a-0"/>
    <meta name="baggage"
          content="sentry-environment=prod,sentry-release=prod-06b66251e7724c8631fee03e26b02c8846450d21,sentry-public_key=e6c1feabe91121d1b641d5f4df119287,sentry-trace_id=1436c4e3e7b123b6fdb3341ce2ce37f1,sentry-sampled=false,sentry-sample_rand=0.7751707849322134,sentry-sample_rate=0"/>
    <script src="https://front.coupangcdn.com/front-web-next/_next/static/chunks/polyfills-42372ed130431b0a.js"
            crossorigin="anonymous" noModule=""></script>
</head>
<body class="fw-overflow-x-hidden fw-font-apple-gothic" data-domain="SRP">
<div class="coupang-top-banner fw-hidden s600:fw-block" data-sentry-component="TopBannerInternal"
     data-sentry-source-file="TopBannerInternal.tsx">
    <div id="coupang-banner" data-sentry-component="AdzerkTopBanner" data-sentry-source-file="AdzerkTopBanner.tsx"><span
            class="banner-bg"><div
            class="banner-middle fw-justify-normal fw-pr-[50px] s1100:!fw-justify-center s1100:!fw-pr-[0px]"><a
            href="/np/campaigns/82?adType=DA&amp;eventId=0ZwtS48hqkCBbXCp" data-sentry-element="AdLink"
            data-sentry-source-file="index.tsx" data-sentry-component="AdLink"><img
            src="https://static.coupangcdn.com/ea/cmg_paperboy/image/1646271114206/C0-Left_basic.jpg" alt=""
            loading="lazy"/></a><a href="https://pages.coupang.com/p/147356?adType=DA&amp;eventId=jD86TsUib4088TOw"
                                   data-sentry-element="AdLink" data-sentry-source-file="index.tsx"
                                   data-sentry-component="AdLink"><img
            src="https://static.coupangcdn.com/ha/cmg_paperboy/image/1748567648107/C0_R.jpg" alt="" loading="lazy"/></a></div></span><a
            role="button" aria-label="Close" class="close max-s768:!fw-top-[10px]">X</a></div>
</div>
<div id="wa-config" data-currency="__원"
     data-arrow-left="https://front.coupangcdn.com/front-web-next/_next/static/media/arrow_left.128503b7.png"
     data-t="{&quot;94b7db&quot;:&quot;닫기&quot;,&quot;ff1379&quot;:&quot;삭제가 안됐나요? 다시 한번 해보세요.&quot;,&quot;52624c&quot;:&quot;최근본 상품이&quot;,&quot;7779d6&quot;:&quot;없습니다.&quot;,&quot;2d47c8&quot;:&quot;다시 시도해 주세요.&quot;,&quot;back&quot;:&quot;뒤로가기&quot;,&quot;4b8d54&quot;:&quot;검색&quot;,&quot;990d4f&quot;:&quot;마이크&quot;,&quot;2bdfeb&quot;:&quot;최근검색어켜기&quot;,&quot;c8917d&quot;:&quot;최근검색어끄기&quot;,&quot;fd74f0&quot;:&quot;검색어&quot;,&quot;8124e8&quot;:&quot;최근&quot;,&quot;fc81e2&quot;:&quot;삭제&quot;,&quot;f3dc4f&quot;:&quot;최근 검색어 저장 기능이 꺼져 있습니다.&quot;}"
     data-search-uri="/np/search" data-web-domain="https://www.coupang.com" data-apply-app-redirection="1"></div>
<div id="wa-header" style="z-index:9960" class="fw-font-apple-gothic fw-sticky fw-top-0 fw-bg-white s600:fw-static">
    <div class="fw-bg-[#f0f0f0] " id="wa-top-bar" data-sentry-component="TopBar" data-sentry-source-file="TopBar.tsx">
        <div style="max-width:1300px" class="fw-m-auto fw-w-full fw-text-[11px]">
            <menu class="fw-relative fw-float-right *:fw-float-right *:fw-h-[33px] *:fw-pr-[12px] *:fw-pt-[10px]">
                <li class="fw-hidden s600:fw-block"><a
                        href="https://wing.coupang.com/tenants/vendor-signup/signup?utm_source=button_pc_coupang_app_category_3&amp;utm_medium=non_paid&amp;utm_id=onsite_ca&amp;utm_content=20240328">판매자
                    가입</a></li>
                <li class="cs-center fw-group fw-relative"><a href="https://mc.coupang.com/ssr/desktop/contact/faq"
                                                              data-log="{ id: &#x27;customer_center&#x27;}">고객센터</a>
                    <p class="fw-hidden group-hover:fw-block" style="z-index:9999"><a
                            href="https://mc.coupang.com/ssr/desktop/contact/faq"
                            data-log="{ id:&#x27;customer_center_1&#x27; }">자주묻는 질문</a><a
                            href="https://mc.coupang.com/ssr/desktop/contact/inquiry"
                            data-log="{ id:&#x27;customer_center_3&#x27; }">1:1 채팅문의</a><a
                            href="https://mc.coupang.com/ssr/desktop/contact/voc"
                            data-log="{ id:&#x27;customer_center_2&#x27; }">고객의 소리</a><a
                            href="https://www.coupang.com/returnPolicy.pang"
                            data-log="{ id:&#x27;customer_center_4&#x27; }">취소 / 반품 안내</a></p></li>
                <li><a href="https://login.coupang.com/login/memberJoinFrm.pang" title="회원가입">회원가입</a></li>
                <li>
                    <a href="https://login.coupang.com/login/login.pang?rtnUrl=https%3A%2F%2Fwww.coupang.com%2Fnp%2Fpost%2Flogin%3Fr%3Dhttp%253A%252F%252Fwww.coupang.com%252Fnp%252Fsearch%253Fq%253D%2525EC%25259D%2525BC%2525EB%2525B3%2525B8%2525EA%2525B3%2525BC%2525EC%25259E%252590%2526channel%253Drecent%2526page%253D2"
                       title="로그인">로그인</a></li>
            </menu>
            <menu id="subscribeHeader" class="fw-hidden s600:fw-block">
                <li class="new-header"><a id="wa-bookmark" data-msg="Ctrl+D 키를 누르면 즐겨찾기에 추가하실 수 있습니다." class="bookmark"
                                          data-log="{ id: &quot;add_to_favorites&quot; }">즐겨찾기</a></li>
                <li class="vendor-join"><a class="dropdown_menu_flag">입점신청<i class="ic"></i></a>
                    <p class="vendor-join-menu fw-hidden" style="z-index:9999"><a
                            href="https://marketplace.coupangcorp.com/s/?utm_source=button_pc&amp;utm_medium=non_paid&amp;utm_campaign=onsite_ca&amp;utm_id=coupang_app"
                            data-log="{ id:&#x27;seller_page&#x27; }" target="_blank">오픈마켓</a><a
                            href="https://with.coupang.com/contract/initialize"
                            data-log="{ id:&#x27;travel_seller_page&#x27; }" target="_blank">여행·티켓</a><a
                            href="https://supplier.coupang.com/welcome/join"
                            data-log="{ id:&#x27;rocket_seller_page&#x27; }" target="_blank">로켓배송</a><a
                            href="https://partners.coupang.com" data-log="{ id:&#x27;affiliate_marketing_page&#x27; }"
                            target="_blank">제휴마케팅</a><a
                            href="https://sell.coupang.com?utm_source=web_button_pc_rg&amp;utm_medium=referral&amp;utm_campaign=onsite_lead&amp;utm_id=coupang_web?inflow=WEB_HEADER_B"
                            data-log="{ id:&#x27;rocketGrowth&#x27; }" target="_blank">로켓그로스</a></p></li>
            </menu>
            <div class="fw-invisible fw-clear-both fw-h-[0px]">.</div>
        </div>
    </div>
    <div data-sentry-component="Main" data-sentry-source-file="Header.tsx"><select id="wa-category-select"
                                                                                   name="component"
                                                                                   class="searchCategories search_category_filter fw-hidden">
        <option value="">전체</option>
        <option value="564553">패션의류/잡화</option>
        <option value="176422">뷰티</option>
        <option value="221834">출산/유아동</option>
        <option value="194176">식품</option>
        <option value="185569">주방용품</option>
        <option value="115573">생활용품</option>
        <option value="184455">홈인테리어</option>
        <option value="178155">가전디지털</option>
        <option value="317678">스포츠/레저</option>
        <option value="183960">자동차용품</option>
        <option value="317677">도서/음반/DVD</option>
        <option value="317679">완구/취미</option>
        <option value="177195">문구/오피스</option>
        <option value="115574">반려동물용품</option>
        <option value="305698">헬스/건강식품</option>
        <option value="396363">국내여행</option>
        <option value="396364">해외여행</option>
        <option value="510344">R.LUX</option>
        <option value="462089">로켓설치</option>
        <option value="429673">공간별 집꾸미기</option>
        <option value="508108">헬스케어 전문관</option>
        <option value="414285">쿠팡 Only</option>
        <option value="433684">싱글라이프</option>
        <option value="507973">악기전문관</option>
        <option value="416030">결혼준비</option>
        <option value="410173">아트/공예</option>
        <option value="397155">미세먼지용품</option>
        <option value="316068">홈카페</option>
        <option value="383270">실버스토어</option>
        <option value="510297">로켓펫닥터</option>
    </select>
        <div style="max-width:1300px" class="fw-mx-auto fw-flex fw-w-full fw-items-center fw-pr-[5px]">
            <div id="wa-category"
                 class="fw-relative fw-flex fw-h-[48px] fw-w-[48px] fw-cursor-pointer fw-flex-col fw-items-center fw-justify-center fw-bg-[#346aff] s1024:fw-h-[119px] s1024:fw-w-[110px]">
                <div class="fw-flex fw-h-[24px] fw-w-[24px] fw-flex-col fw-items-center fw-justify-around s1024:fw-h-[28px] s1024:fw-w-[28px]">
                    <div class="fw-h-[1px] fw-w-full fw-bg-white s1024:fw-h-[4px]"></div>
                    <div class="fw-h-[1px] fw-w-full fw-bg-white s1024:fw-h-[4px]"></div>
                    <div class="fw-h-[1px] fw-w-full fw-bg-white s1024:fw-h-[4px]"></div>
                </div>
                <div class="fw-mt-[15px] fw-hidden fw-w-[45px] fw-text-center fw-text-[13px] fw-font-normal fw-leading-none fw-text-white s1024:fw-block">
                    카테고리
                </div>
                <div class="category-layer" id="wa-pc-category"
                     data-icons="https://front.coupangcdn.com/front-web-next/_next/static/media/icons.b67b6097.svg"
                     style="z-index:9999" data-sentry-component="PcCategory" data-sentry-source-file="Category.tsx">
                    <div class="fw-hidden">쇼핑</div>
                    <ul class="menu shopping-menu-list fd">
                        <li class="fashion wa-category-icon" data-sentry-component="ThirdDepthGnb"
                            data-sentry-source-file="ThirdDepthGnb.tsx"><a href="/np/categories/564653"
                                                                           data-el="womanclothe">패션의류/잡화<i
                                class="si"></i></a>
                            <div class="depth">
                                <ul class="sdl">
                                    <li><a href="/np/categories/186764" data-el="womanclothe">여성패션<i class="si"></i></a>
                                        <ul class="tdl">
                                            <li><a href="/np/categories/498704" data-el="womanclothe">의류</a></li>
                                            <li><a href="/np/categories/498797" data-el="womanclothe">신발</a></li>
                                            <li><a href="/np/categories/498828" data-el="womanclothe">가방/잡화</a></li>
                                        </ul>
                                    </li>
                                    <li><a href="/np/categories/187069" data-el="manclothe">남성패션<i class="si"></i></a>
                                        <ul class="tdl">
                                            <li><a href="/np/categories/498917" data-el="manclothe">의류</a></li>
                                            <li><a href="/np/categories/498974" data-el="manclothe">신발</a></li>
                                            <li><a href="/np/categories/499007" data-el="manclothe">가방/잡화</a></li>
                                        </ul>
                                    </li>
                                    <li><a href="/np/categories/502993" data-el="unisexfashion">남녀 공용 의류<i
                                            class="si"></i></a>
                                        <ul class="tdl">
                                            <li><a href="/np/categories/502994" data-el="unisexfashion">티셔츠</a></li>
                                            <li><a href="/np/categories/502995" data-el="unisexfashion">맨투맨/후드티</a></li>
                                            <li><a href="/np/categories/502998" data-el="unisexfashion">셔츠</a></li>
                                            <li><a href="/np/categories/502999" data-el="unisexfashion">바지</a></li>
                                            <li><a href="/np/categories/503000" data-el="unisexfashion">트레이닝복</a></li>
                                            <li><a href="/np/categories/503001" data-el="unisexfashion">후드집업/집업류</a>
                                            </li>
                                            <li><a href="/np/categories/503002" data-el="unisexfashion">니트류/조끼</a></li>
                                            <li><a href="/np/categories/503006" data-el="unisexfashion">아우터</a></li>
                                            <li><a href="/np/categories/503010" data-el="unisexfashion">테마의류</a></li>
                                            <li><a href="/np/categories/503013" data-el="unisexfashion">커플룩/패밀리룩</a>
                                            </li>
                                            <li><a href="/np/categories/509288" data-el="unisexfashion">빅사이즈</a></li>
                                            <li><a href="/np/categories/565393" data-el="unisexfashion">스포츠의류</a></li>
                                        </ul>
                                    </li>
                                    <li><a href="/np/categories/565063" data-el="underwear">속옷/잠옷<i class="si"></i></a>
                                        <ul class="tdl">
                                            <li><a href="/np/categories/565064" data-el="underwear">여성 속옷</a></li>
                                            <li><a href="/np/categories/565081" data-el="underwear">남성 속옷</a></li>
                                            <li><a href="/np/categories/565091" data-el="underwear">기타 속옷 용품</a></li>
                                            <li><a href="/np/categories/565094" data-el="underwear">잠옷/파자마</a></li>
                                        </ul>
                                    </li>
                                    <li><a href="/np/campaigns/20497" data-el="womanclothe">신발</a></li>
                                    <li><a href="/np/campaigns/20495" data-el="womanclothe">가방/잡화</a></li>
                                    <li><a href="/np/categories/213201" data-el="childfashion">유아동패션<i
                                            class="si"></i></a>
                                        <ul class="tdl">
                                            <li><a href="/np/categories/499090" data-el="childfashion">베이비</a></li>
                                            <li><a href="/np/categories/499116" data-el="childfashion">여아</a></li>
                                            <li><a href="/np/categories/499186" data-el="childfashion">남아</a></li>
                                        </ul>
                                    </li>
                                </ul>
                                <span class="gnb-banner" style="background:#FFF" data-sentry-component="Banner"
                                      data-sentry-source-file="Banner.tsx"><a href="https://pages.coupang.com/p/134974"
                                                                              title="패션의류/잡화" data-el="womanclothe">패션의류/잡화</a><img
                                        loading="lazy" alt="패션의류/잡화"
                                        src="https://image10.coupangcdn.com/image/displayitem/displayitem_8026b2bf-35d9-48d8-adb7-a676f2c70030.jpg"/></span>
                            </div>
                        </li>
                        <li class="beauty wa-category-icon" data-sentry-component="ThirdDepthGnb"
                            data-sentry-source-file="ThirdDepthGnb.tsx"><a href="/np/categories/176522"
                                                                           data-el="beauty">뷰티<i class="si"></i></a>
                            <div class="depth">
                                <ul class="sdl">
                                    <li><a href="/np/campaigns/18530" data-el="beauty">럭셔리뷰티</a></li>
                                    <li><a href="/np/categories/176530" data-el="beauty">스킨케어<i class="si"></i></a>
                                        <ul class="tdl">
                                            <li><a href="/np/categories/486248" data-el="beauty">스킨</a></li>
                                            <li><a href="/np/categories/486249" data-el="beauty">로션</a></li>
                                            <li><a href="/np/categories/486250" data-el="beauty">에센스/세럼/앰플</a></li>
                                            <li><a href="/np/categories/486251" data-el="beauty">미스트</a></li>
                                            <li><a href="/np/categories/486252" data-el="beauty">오일</a></li>
                                            <li><a href="/np/categories/486253" data-el="beauty">크림/올인원</a></li>
                                            <li><a href="/np/categories/486254" data-el="beauty">기초세트</a></li>
                                            <li><a href="/np/categories/176554" data-el="beauty">마스크/팩</a></li>
                                        </ul>
                                    </li>
                                    <li><a href="/np/categories/509393" data-el="beauty">클린/비건뷰티<i class="si"></i></a>
                                        <ul class="tdl">
                                            <li><a href="/np/categories/509394" data-el="beauty">스킨케어</a></li>
                                            <li><a href="/np/categories/509395" data-el="beauty">메이크업</a></li>
                                            <li><a href="/np/categories/509396" data-el="beauty">네일&amp;툴</a></li>
                                        </ul>
                                    </li>
                                    <li><a href="/np/categories/486551" data-el="beauty">클렌징/필링<i class="si"></i></a>
                                        <ul class="tdl">
                                            <li><a href="/np/categories/486559" data-el="beauty">클렌징 폼</a></li>
                                            <li><a href="/np/categories/486560" data-el="beauty">클렌징 젤/파우더</a></li>
                                            <li><a href="/np/categories/486561" data-el="beauty">클렌징 비누</a></li>
                                            <li><a href="/np/categories/486562" data-el="beauty">클렌징 오일</a></li>
                                            <li><a href="/np/categories/486563" data-el="beauty">클렌징 워터</a></li>
                                            <li><a href="/np/categories/486564" data-el="beauty">립/아이리무버</a></li>
                                            <li><a href="/np/categories/486565" data-el="beauty">클렌징 티슈/시트</a></li>
                                            <li><a href="/np/categories/486566" data-el="beauty">클렌징밤/크림/로션</a></li>
                                            <li><a href="/np/categories/486567" data-el="beauty">클렌징세트</a></li>
                                            <li><a href="/np/categories/486568" data-el="beauty">스크럽/필링</a></li>
                                        </ul>
                                    </li>
                                    <li><a href="/np/campaigns/7642" data-el="beauty">더마코스메틱</a></li>
                                    <li><a href="/np/categories/176573" data-el="beauty">메이크업<i class="si"></i></a>
                                        <ul class="tdl">
                                            <li><a href="/np/categories/176587" data-el="beauty">베이스 메이크업</a></li>
                                            <li><a href="/np/categories/176574" data-el="beauty">아이 메이크업</a></li>
                                            <li><a href="/np/categories/176581" data-el="beauty">립 메이크업</a></li>
                                            <li><a href="/np/categories/176594" data-el="beauty">치크메이크업</a></li>
                                            <li><a href="/np/categories/405199" data-el="beauty">멀티메이크업</a></li>
                                            <li><a href="/np/categories/405203" data-el="beauty">바디메이크업</a></li>
                                        </ul>
                                    </li>
                                    <li><a href="/np/categories/176563" data-el="beauty">선케어/태닝<i class="si"></i></a>
                                        <ul class="tdl">
                                            <li><a href="/np/categories/176564" data-el="beauty">선케어</a></li>
                                            <li><a href="/np/categories/176570" data-el="beauty">태닝</a></li>
                                        </ul>
                                    </li>
                                    <li><a href="/np/categories/176598" data-el="beauty">향수<i class="si"></i></a>
                                        <ul class="tdl">
                                            <li><a href="/np/categories/176599" data-el="beauty">여성향수</a></li>
                                            <li><a href="/np/categories/176600" data-el="beauty">남성향수</a></li>
                                            <li><a href="/np/categories/509383" data-el="beauty">남녀공용향수</a></li>
                                            <li><a href="/np/categories/509384" data-el="beauty">고체향수</a></li>
                                            <li><a href="/np/categories/176601" data-el="beauty">드레스퍼퓸</a></li>
                                        </ul>
                                    </li>
                                    <li><a href="/np/categories/176839" data-el="beauty">남성화장품<i class="si"></i></a>
                                        <ul class="tdl">
                                            <li><a href="/np/categories/176840" data-el="beauty">남성스킨케어</a></li>
                                            <li><a href="/np/categories/176843" data-el="beauty">남성메이크업</a></li>
                                            <li><a href="/np/categories/176846" data-el="beauty">남성화장품세트</a></li>
                                            <li><a href="/np/categories/176847" data-el="beauty">남성 헤어케어</a></li>
                                            <li><a href="/np/categories/176850" data-el="beauty">남성 바디케어</a></li>
                                            <li><a href="/np/categories/176854" data-el="beauty">남성 쉐이빙 케어</a></li>
                                        </ul>
                                    </li>
                                    <li><a href="/np/categories/176763" data-el="beauty">네일<i class="si"></i></a>
                                        <ul class="tdl">
                                            <li><a href="/np/categories/427310" data-el="beauty">네일팁/페디팁/스티커</a></li>
                                            <li><a href="/np/categories/176767" data-el="beauty">일반네일</a></li>
                                            <li><a href="/np/categories/176772" data-el="beauty">젤네일</a></li>
                                            <li><a href="/np/categories/176764" data-el="beauty">케어/영양/리무버</a></li>
                                            <li><a href="/np/categories/176780" data-el="beauty">네일케어도구</a></li>
                                            <li><a href="/np/categories/176789" data-el="beauty">네일아트소품/도구</a></li>
                                            <li><a href="/np/categories/176806" data-el="beauty">네일세트</a></li>
                                        </ul>
                                    </li>
                                    <li><a href="/np/categories/176807" data-el="beauty">뷰티소품<i class="si"></i></a>
                                        <ul class="tdl">
                                            <li><a href="/np/categories/176808" data-el="beauty">화장솜/면봉</a></li>
                                            <li><a href="/np/categories/176811" data-el="beauty">아이소품</a></li>
                                            <li><a href="/np/categories/176817" data-el="beauty">페이스소품</a></li>
                                            <li><a href="/np/categories/176822" data-el="beauty">클렌징소품</a></li>
                                            <li><a href="/np/categories/176826" data-el="beauty">헤어소품</a></li>
                                            <li><a href="/np/categories/281731" data-el="beauty">피부관리기</a></li>
                                            <li><a href="/np/categories/176832" data-el="beauty">용기/거울/기타소품</a></li>
                                        </ul>
                                    </li>
                                    <li><a href="/np/categories/403012" data-el="beauty">어린이화장품<i class="si"></i></a>
                                        <ul class="tdl">
                                            <li><a href="/np/categories/403013" data-el="beauty">메이크업</a></li>
                                            <li><a href="/np/categories/403014" data-el="beauty">향수</a></li>
                                            <li><a href="/np/categories/403015" data-el="beauty">네일케어</a></li>
                                            <li><a href="/np/categories/403016" data-el="beauty">세트/키트</a></li>
                                        </ul>
                                    </li>
                                    <li><a href="/np/campaigns/4999" data-el="beauty">로드샵</a></li>
                                    <li><a href="/np/categories/176602" data-el="beauty">헤어<i class="si"></i></a>
                                        <ul class="tdl">
                                            <li><a href="/np/categories/403017" data-el="beauty">샴푸</a></li>
                                            <li><a href="/np/categories/403024" data-el="beauty">린스/컨디셔너</a></li>
                                            <li><a href="/np/categories/176631" data-el="beauty">트리트먼트/팩/앰플</a></li>
                                            <li><a href="/np/categories/403030" data-el="beauty">헤어에센스/오일</a></li>
                                            <li><a href="/np/categories/403031" data-el="beauty">헤어스타일링</a></li>
                                            <li><a href="/np/categories/403032" data-el="beauty">헤어세트</a></li>
                                            <li><a href="/np/categories/176653" data-el="beauty">염색/파마</a></li>
                                        </ul>
                                    </li>
                                    <li><a href="/np/categories/176699" data-el="beauty">바디<i class="si"></i></a>
                                        <ul class="tdl">
                                            <li><a href="/np/categories/176700" data-el="beauty">샤워/입욕용품</a></li>
                                            <li><a href="/np/categories/176710" data-el="beauty">바디로션/크림</a></li>
                                            <li><a href="/np/categories/176719" data-el="beauty">핸드/풋/데오</a></li>
                                            <li><a href="/np/categories/176744" data-el="beauty">제모/슬리밍/청결제</a></li>
                                        </ul>
                                    </li>
                                    <li><a href="/np/categories/176963" data-el="beauty">선물세트/키트<i class="si"></i></a>
                                        <ul class="tdl">
                                            <li><a href="/np/categories/176964" data-el="beauty">선물세트</a></li>
                                            <li><a href="/np/categories/176974" data-el="beauty">여행용키트</a></li>
                                        </ul>
                                    </li>
                                </ul>
                                <span class="gnb-banner" style="background:#FFF" data-sentry-component="Banner"
                                      data-sentry-source-file="Banner.tsx"><a href="https://pages.coupang.com/p/140820"
                                                                              title="W23 뷰티페어"
                                                                              data-el="beauty">뷰티</a><img loading="lazy"
                                                                                                          alt="W23 뷰티페어"
                                                                                                          src="https://image7.coupangcdn.com/image/displayitem/displayitem_f98a2653-be27-4c03-b9e1-b850765b3ca5.jpg"/></span>
                            </div>
                        </li>
                        <li class="child-birth wa-category-icon" data-sentry-component="ThirdDepthGnb"
                            data-sentry-source-file="ThirdDepthGnb.tsx"><a href="/np/categories/221934" data-el="baby">출산/유아동<i
                                class="si"></i></a>
                            <div class="depth">
                                <ul class="sdl">
                                    <li><a href="/np/categories/508565" data-el="baby">유아동패션<i class="si"></i></a>
                                        <ul class="tdl">
                                            <li><a href="/np/categories/508566" data-el="baby">베이비</a></li>
                                            <li><a href="/np/categories/508592" data-el="baby">여아</a></li>
                                            <li><a href="/np/categories/508663" data-el="baby">남아</a></li>
                                        </ul>
                                    </li>
                                    <li><a href="/np/categories/485952" data-el="baby">기저귀<i class="si"></i></a>
                                        <ul class="tdl">
                                            <li><a href="/np/categories/485953" data-el="baby">일회용기저귀</a></li>
                                            <li><a href="/np/categories/485957" data-el="baby">수영장기저귀</a></li>
                                            <li><a href="/np/categories/485958" data-el="baby">천기저귀/액세서리</a></li>
                                            <li><a href="/np/categories/485962" data-el="baby">배변훈련팬티</a></li>
                                            <li><a href="/np/categories/485963" data-el="baby">기저귀케익</a></li>
                                            <li><a href="/np/categories/485964" data-el="baby">기저귀크림/파우더</a></li>
                                            <li><a href="/np/categories/485968" data-el="baby">기저귀정리함</a></li>
                                            <li><a href="/np/categories/485969" data-el="baby">기저귀매트</a></li>
                                            <li><a href="/np/categories/485973" data-el="baby">기저귀통/봉투</a></li>
                                            <li><a href="/np/categories/485976" data-el="baby">기저귀가방</a></li>
                                        </ul>
                                    </li>
                                    <li><a href="/np/categories/485979" data-el="baby">물티슈<i class="si"></i></a>
                                        <ul class="tdl">
                                            <li><a href="/np/categories/485980" data-el="baby">물티슈</a></li>
                                            <li><a href="/np/categories/485981" data-el="baby">건티슈</a></li>
                                            <li><a href="/np/categories/485982" data-el="baby">물티슈액세서리</a></li>
                                        </ul>
                                    </li>
                                    <li><a href="/np/categories/221939" data-el="baby">분유/어린이식품<i class="si"></i></a>
                                        <ul class="tdl">
                                            <li><a href="/np/categories/221995" data-el="baby">분유</a></li>
                                            <li><a href="/np/categories/446135" data-el="baby">이유식</a></li>
                                            <li><a href="/np/categories/222036" data-el="baby">미음/죽/분말</a></li>
                                            <li><a href="/np/categories/222043" data-el="baby">양념/식재료</a></li>
                                            <li><a href="/np/categories/222050" data-el="baby">국/반찬</a></li>
                                            <li><a href="/np/categories/403082" data-el="baby">간식/음료</a></li>
                                            <li><a href="/np/categories/510531" data-el="baby">대용식</a></li>
                                        </ul>
                                    </li>
                                    <li><a href="/np/categories/509025" data-el="baby">어린이 건강식품<i class="si"></i></a>
                                        <ul class="tdl">
                                            <li><a href="/np/categories/509028" data-el="baby">비타민/미네랄</a></li>
                                            <li><a href="/np/categories/509029" data-el="baby">홍삼</a></li>
                                            <li><a href="/np/categories/509030" data-el="baby">칼슘</a></li>
                                            <li><a href="/np/categories/509031" data-el="baby">유산균/초유</a></li>
                                            <li><a href="/np/categories/509032" data-el="baby">오메가</a></li>
                                            <li><a href="/np/categories/509033" data-el="baby">기타 건강식품</a></li>
                                        </ul>
                                    </li>
                                    <li><a href="/np/categories/221943" data-el="baby">수유용품<i class="si"></i></a>
                                        <ul class="tdl">
                                            <li><a href="/np/categories/485989" data-el="baby">젖병</a></li>
                                            <li><a href="/np/categories/485992" data-el="baby">젖꼭지</a></li>
                                            <li><a href="/np/categories/371307" data-el="baby">노리개젖꼭지</a></li>
                                            <li><a href="/np/categories/371311" data-el="baby">치발기</a></li>
                                            <li><a href="/np/categories/486184" data-el="baby">모유저장팩</a></li>
                                            <li><a href="/np/categories/486186" data-el="baby">분유케이스/저장팩</a></li>
                                            <li><a href="/np/categories/371319" data-el="baby">젖병세척용품</a></li>
                                            <li><a href="/np/categories/371324" data-el="baby">젖병소독기/건조대</a></li>
                                            <li><a href="/np/categories/371327" data-el="baby">분유보관용기</a></li>
                                            <li><a href="/np/categories/371328" data-el="baby">수유패드</a></li>
                                            <li><a href="/np/categories/371329" data-el="baby">유축기</a></li>
                                            <li><a href="/np/categories/371330" data-el="baby">모유촉진제</a></li>
                                            <li><a href="/np/categories/371331" data-el="baby">유두보호/젖몸살용품</a></li>
                                            <li class="mc"><a href="/np/categories/371332">더보기</a></li>
                                        </ul>
                                    </li>
                                    <li><a href="/np/categories/334841" data-el="baby">이유용품/유아식기<i class="si"></i></a>
                                        <ul class="tdl">
                                            <li><a href="/np/categories/334842" data-el="baby">이유식용품</a></li>
                                            <li><a href="/np/categories/334871" data-el="baby">턱받이</a></li>
                                            <li><a href="/np/categories/371346" data-el="baby">빨대컵/유아컵</a></li>
                                            <li><a href="/np/categories/446109" data-el="baby">유아식기/캐릭터식기</a></li>
                                            <li><a href="/np/categories/446119" data-el="baby">도시락/물병/보냉백</a></li>
                                            <li><a href="/np/categories/334854" data-el="baby">스푼/포크/젓가락</a></li>
                                            <li><a href="/np/categories/334873" data-el="baby">유아식탁/부스터</a></li>
                                        </ul>
                                    </li>
                                    <li><a href="/np/categories/381717" data-el="baby">아기띠/외출용품<i class="si"></i></a>
                                        <ul class="tdl">
                                            <li><a href="/np/categories/509152" data-el="baby">아기띠</a></li>
                                            <li><a href="/np/categories/509153" data-el="baby">올인원 아기띠</a></li>
                                            <li><a href="/np/categories/509154" data-el="baby">힙시트</a></li>
                                            <li><a href="/np/categories/509155" data-el="baby">트레킹캐리어</a></li>
                                            <li><a href="/np/categories/381723" data-el="baby">포대기/처네</a></li>
                                            <li><a href="/np/categories/381724" data-el="baby">슬링</a></li>
                                            <li><a href="/np/categories/381725" data-el="baby">아기띠액세서리</a></li>
                                            <li><a href="/np/categories/403105" data-el="baby">기저귀가방</a></li>
                                            <li><a href="/np/categories/403106" data-el="baby">기저귀/약파우치</a></li>
                                            <li><a href="/np/categories/403107" data-el="baby">보냉백/런치백</a></li>
                                        </ul>
                                    </li>
                                    <li><a href="/np/categories/381650" data-el="baby">유모차/웨건<i class="si"></i></a>
                                        <ul class="tdl">
                                            <li><a href="/np/categories/381651" data-el="baby">디럭스유모차</a></li>
                                            <li><a href="/np/categories/381652" data-el="baby">절충형유모차</a></li>
                                            <li><a href="/np/categories/381653" data-el="baby">휴대용유모차</a></li>
                                            <li><a href="/np/categories/381654" data-el="baby">쌍둥이유모차</a></li>
                                            <li><a href="/np/categories/381655" data-el="baby">웨건</a></li>
                                            <li><a href="/np/categories/381656" data-el="baby">유모차/웨건액세서리</a></li>
                                        </ul>
                                    </li>
                                    <li><a href="/np/categories/381697" data-el="baby">카시트<i class="si"></i></a>
                                        <ul class="tdl">
                                            <li><a href="/np/categories/381698" data-el="baby">신생아바구니카시트</a></li>
                                            <li><a href="/np/categories/381699" data-el="baby">영유아카시트</a></li>
                                            <li><a href="/np/categories/381700" data-el="baby">주니어카시트</a></li>
                                            <li><a href="/np/categories/381701" data-el="baby">부스터카시트</a></li>
                                            <li><a href="/np/categories/381702" data-el="baby">카시트액세서리</a></li>
                                        </ul>
                                    </li>
                                    <li><a href="/np/categories/221944" data-el="baby">욕실용품/스킨케어<i class="si"></i></a>
                                        <ul class="tdl">
                                            <li><a href="/np/categories/222358" data-el="baby">유아워시/샴푸</a></li>
                                            <li><a href="/np/categories/222371" data-el="baby">유아구강케어</a></li>
                                            <li><a href="/np/categories/222352" data-el="baby">유아스킨케어</a></li>
                                            <li><a href="/np/categories/222367" data-el="baby">기저귀크림/파우더</a></li>
                                            <li><a href="/np/categories/403072" data-el="baby">유아욕조/목욕의자</a></li>
                                            <li><a href="/np/categories/222377" data-el="baby">유아목욕용품</a></li>
                                            <li><a href="/np/categories/403075" data-el="baby">유아타올</a></li>
                                            <li><a href="/np/categories/403076" data-el="baby">유아변기</a></li>
                                            <li><a href="/np/categories/222395" data-el="baby">선케어/야외활동케어</a></li>
                                            <li><a href="/np/categories/222399" data-el="baby">어린이화장품</a></li>
                                        </ul>
                                    </li>
                                    <li><a href="/np/categories/221945" data-el="baby">위생/건강/세제<i class="si"></i></a>
                                        <ul class="tdl">
                                            <li><a href="/np/categories/222402" data-el="baby">위생용품</a></li>
                                            <li><a href="/np/categories/403108" data-el="baby">유아항균지퍼팩</a></li>
                                            <li><a href="/np/categories/403109" data-el="baby">배변훈련팬티</a></li>
                                            <li><a href="/np/categories/222417" data-el="baby">건강용품</a></li>
                                            <li><a href="/np/categories/403110" data-el="baby">유아구강용품</a></li>
                                            <li><a href="/np/categories/222408" data-el="baby">유아세제/세정제</a></li>
                                            <li><a href="/np/categories/403111" data-el="baby">야외활동용품</a></li>
                                        </ul>
                                    </li>
                                    <li><a href="/np/categories/221947" data-el="baby">유아가구/인테리어<i class="si"></i></a>
                                        <ul class="tdl">
                                            <li><a href="/np/categories/222457" data-el="baby">유아동침대</a></li>
                                            <li><a href="/np/categories/222464" data-el="baby">유아의자/소파</a></li>
                                            <li><a href="/np/categories/222471" data-el="baby">수납/정리함</a></li>
                                            <li><a href="/np/categories/222479" data-el="baby">공부상/책상</a></li>
                                            <li><a href="/np/categories/222482" data-el="baby">유아책장/책꽂이</a></li>
                                            <li><a href="/np/categories/222485" data-el="baby">수면등/수유등</a></li>
                                            <li><a href="/np/categories/311382" data-el="baby">유아키재기스티커</a></li>
                                        </ul>
                                    </li>
                                    <li><a href="/np/categories/221942" data-el="baby">유아동침구<i class="si"></i></a>
                                        <ul class="tdl">
                                            <li><a href="/np/categories/222195" data-el="baby">낮잠이불</a></li>
                                            <li><a href="/np/categories/222196" data-el="baby">겉싸개/속싸개</a></li>
                                            <li><a href="/np/categories/222200" data-el="baby">유아이불</a></li>
                                            <li><a href="/np/categories/222204" data-el="baby">베개/바디필로우</a></li>
                                            <li><a href="/np/categories/222211" data-el="baby">유아담요/블랭킷</a></li>
                                            <li><a href="/np/categories/222212" data-el="baby">유아 요/방수요</a></li>
                                            <li><a href="/np/categories/222216" data-el="baby">침구세트</a></li>
                                        </ul>
                                    </li>
                                    <li><a href="/np/categories/221946" data-el="baby">매트/안전용품<i class="si"></i></a>
                                        <ul class="tdl">
                                            <li><a href="/np/categories/509106" data-el="baby">놀이방매트</a></li>
                                            <li><a href="/np/categories/509107" data-el="baby">퍼즐매트</a></li>
                                            <li><a href="/np/categories/509108" data-el="baby">폴더매트</a></li>
                                            <li><a href="/np/categories/509109" data-el="baby">벽매트</a></li>
                                            <li><a href="/np/categories/509110" data-el="baby">DIY/시공매트</a></li>
                                            <li><a href="/np/categories/222433" data-el="baby">유아안전문</a></li>
                                            <li><a href="/np/categories/222436" data-el="baby">모서리/코너보호대</a></li>
                                            <li><a href="/np/categories/222437" data-el="baby">손낌방지용품</a></li>
                                            <li><a href="/np/categories/222440" data-el="baby">잠금장치/커버</a></li>
                                            <li><a href="/np/categories/222443" data-el="baby">미끄럼방지용품</a></li>
                                            <li><a href="/np/categories/222444" data-el="baby">침대가드</a></li>
                                            <li><a href="/np/categories/222445" data-el="baby">뒤집기방지쿠션</a></li>
                                            <li><a href="/np/categories/222446" data-el="baby">머리/무릎보호대</a></li>
                                            <li class="mc"><a href="/np/categories/222450">더보기</a></li>
                                        </ul>
                                    </li>
                                    <li><a href="/np/categories/349657" data-el="baby">완구/교구<i class="si"></i></a>
                                        <ul class="tdl">
                                            <li><a href="/np/campaigns/821" data-el="baby">연령별완구</a></li>
                                            <li><a href="/np/categories/349665" data-el="baby">캐릭터별완구</a></li>
                                            <li><a href="/np/categories/349686" data-el="baby">신생아/영아완구</a></li>
                                            <li><a href="/np/categories/349793" data-el="baby">블록놀이</a></li>
                                            <li><a href="/np/categories/349825" data-el="baby">역할놀이</a></li>
                                            <li><a href="/np/categories/349745" data-el="baby">로봇/작동완구</a></li>
                                            <li><a href="/np/categories/349808" data-el="baby">인형</a></li>
                                            <li><a href="/np/categories/350139" data-el="baby">물놀이/계절완구</a></li>
                                            <li><a href="/np/categories/350057" data-el="baby">승용완구</a></li>
                                            <li><a href="/np/categories/350044" data-el="baby">실내대형완구</a></li>
                                            <li><a href="/np/categories/350077" data-el="baby">스포츠/야외완구</a></li>
                                            <li><a href="/np/categories/349876" data-el="baby">STEAM/학습완구</a></li>
                                            <li><a href="/np/categories/349983" data-el="baby">보드게임</a></li>
                                            <li class="mc"><a href="/np/categories/496486">더보기</a></li>
                                        </ul>
                                    </li>
                                    <li class="mc"><a href="/np/categories/346878">더보기</a></li>
                                </ul>
                                <span class="gnb-banner" style="background:#FFF" data-sentry-component="Banner"
                                      data-sentry-source-file="Banner.tsx"><a href="https://pages.coupang.com/p/145639"
                                                                              title="출산/유아동"
                                                                              data-el="baby">출산/유아동</a><img
                                        loading="lazy" alt="출산/유아동"
                                        src="https://image10.coupangcdn.com/image/displayitem/displayitem_319a43ea-c376-4349-a051-6a987f92541f.jpg"/></span>
                            </div>
                        </li>
                        <li class="food wa-category-icon" data-sentry-component="ThirdDepthGnb"
                            data-sentry-source-file="ThirdDepthGnb.tsx"><a href="/np/categories/194276" data-el="food">식품<i
                                class="si"></i></a>
                            <div class="depth">
                                <ul class="sdl">
                                    <li><a href="/np/campaigns/1884" data-el="food">수입식품관</a></li>
                                    <li><a href="/np/categories/196393" data-el="food">식품 선물세트<i class="si"></i></a>
                                        <ul class="tdl">
                                            <li><a href="/np/categories/196395" data-el="food">과일</a></li>
                                            <li><a href="/np/categories/196401" data-el="food">나물/버섯</a></li>
                                            <li><a href="/np/categories/196406" data-el="food">견과</a></li>
                                            <li><a href="/np/categories/196407" data-el="food">정육</a></li>
                                            <li><a href="/np/categories/196417" data-el="food">수산/건어물</a></li>
                                            <li><a href="/np/categories/196423" data-el="food">커피/차/음료</a></li>
                                            <li><a href="/np/categories/196428" data-el="food">과자/간식</a></li>
                                            <li><a href="/np/categories/196436" data-el="food">즉석/가공식품</a></li>
                                            <li><a href="/np/categories/196444" data-el="food">건강</a></li>
                                        </ul>
                                    </li>
                                    <li><a href="/np/categories/196076" data-el="food">건강식품<i class="si"></i></a>
                                        <ul class="tdl">
                                            <li><a href="/np/campaigns/6585" data-el="food">건강기능식품</a></li>
                                            <li><a href="/np/categories/196126" data-el="food">홍삼/인삼</a></li>
                                            <li><a href="/np/categories/196136" data-el="food">건강즙/음료</a></li>
                                            <li><a href="/np/categories/306726" data-el="food">비타민/미네랄</a></li>
                                            <li><a href="/np/categories/306749" data-el="food">건강식품</a></li>
                                            <li><a href="/np/categories/306808" data-el="food">헬스보충식품</a></li>
                                            <li><a href="/np/categories/306831" data-el="food">다이어트/이너뷰티</a></li>
                                            <li><a href="/np/categories/196183" data-el="food">영양식/선식</a></li>
                                            <li><a href="/np/categories/502184" data-el="food">어린이 건강식품</a></li>
                                            <li><a href="/np/categories/196189" data-el="food">꿀/프로폴리스</a></li>
                                            <li><a href="/np/categories/196195" data-el="food">건강차 원물</a></li>
                                            <li><a href="/np/categories/196207" data-el="food">건강분말/건강환</a></li>
                                            <li><a href="/np/categories/196211" data-el="food">한방재료</a></li>
                                        </ul>
                                    </li>
                                    <li><a href="/np/categories/195006" data-el="food">생수/음료<i class="si"></i></a>
                                        <ul class="tdl">
                                            <li><a href="/np/categories/195008" data-el="food">생수</a></li>
                                            <li><a href="/np/categories/497920" data-el="food">탄산수</a></li>
                                            <li><a href="/np/categories/195015" data-el="food">과일/야채음료</a></li>
                                            <li><a href="/np/categories/195050" data-el="food">탄산/스포츠음료</a></li>
                                            <li><a href="/np/categories/195062" data-el="food">커피음료/차음료</a></li>
                                            <li><a href="/np/categories/195080" data-el="food">두유</a></li>
                                            <li><a href="/np/categories/445905" data-el="food">냉장우유</a></li>
                                            <li><a href="/np/categories/195088" data-el="food">멸균우유</a></li>
                                            <li><a href="/np/categories/195104" data-el="food">숙취/건강음료</a></li>
                                            <li><a href="/np/categories/195124" data-el="food">어린이음료</a></li>
                                            <li><a href="/np/categories/195141" data-el="food">음료선물세트</a></li>
                                            <li><a href="/np/categories/497899" data-el="food">무/비알콜음료</a></li>
                                            <li><a href="/np/categories/311357" data-el="food">전통주</a></li>
                                        </ul>
                                    </li>
                                    <li><a href="/np/categories/195142" data-el="food">커피/원두/차<i class="si"></i></a>
                                        <ul class="tdl">
                                            <li><a href="/np/categories/429888" data-el="food">커피믹스</a></li>
                                            <li><a href="/np/categories/429889" data-el="food">원두/생두</a></li>
                                            <li><a href="/np/categories/429890" data-el="food">캡슐/더치/티백</a></li>
                                            <li><a href="/np/categories/486104" data-el="food">녹차/메밀차</a></li>
                                            <li><a href="/np/categories/195168" data-el="food">둥글레/옥수수차</a></li>
                                            <li><a href="/np/categories/195172" data-el="food">보리/우엉/결명자</a></li>
                                            <li><a href="/np/categories/486111" data-el="food">도라지/작두콩차</a></li>
                                            <li><a href="/np/categories/486114" data-el="food">홍차/밀크티</a></li>
                                            <li><a href="/np/categories/486118" data-el="food">유자/과일차</a></li>
                                            <li><a href="/np/categories/486131" data-el="food">율무/전통차</a></li>
                                            <li><a href="/np/categories/195232" data-el="food">허브/콤부/꽃차</a></li>
                                            <li><a href="/np/categories/195254" data-el="food">코코아/라떼/기타분말</a></li>
                                            <li><a href="/np/categories/195262" data-el="food">커피/차 선물세트</a></li>
                                            <li class="mc"><a href="/np/categories/509581">더보기</a></li>
                                        </ul>
                                    </li>
                                    <li><a href="/np/categories/195266" data-el="food">과자/초콜릿/시리얼<i class="si"></i></a>
                                        <ul class="tdl">
                                            <li><a href="/np/categories/195268" data-el="food">과자</a></li>
                                            <li><a href="/np/categories/195282" data-el="food">비스킷/크래커</a></li>
                                            <li><a href="/np/categories/195291" data-el="food">쿠키/파이</a></li>
                                            <li><a href="/np/categories/195398" data-el="food">전통과자/떡</a></li>
                                            <li><a href="/np/categories/195297" data-el="food">초콜릿</a></li>
                                            <li><a href="/np/categories/431978" data-el="food">젤리/캐러멜</a></li>
                                            <li><a href="/np/categories/195303" data-el="food">사탕/껌</a></li>
                                            <li><a href="/np/categories/195322" data-el="food">시리얼</a></li>
                                            <li><a href="/np/categories/195328" data-el="food">베이커리/잼</a></li>
                                            <li><a href="/np/categories/195388" data-el="food">육포/원물간식</a></li>
                                            <li><a href="/np/categories/195428" data-el="food">과자/간식세트</a></li>
                                            <li><a href="/np/categories/497936" data-el="food">어린이간식</a></li>
                                        </ul>
                                    </li>
                                    <li><a href="/np/categories/194373" data-el="food">견과/건과<i class="si"></i></a>
                                        <ul class="tdl">
                                            <li><a href="/np/categories/194376" data-el="food">땅콩/호두</a></li>
                                            <li><a href="/np/categories/194381" data-el="food">밤/잣/은행</a></li>
                                            <li><a href="/np/categories/194387" data-el="food">아몬드/피스타치오</a></li>
                                            <li><a href="/np/categories/194392" data-el="food">기타견과류</a></li>
                                            <li><a href="/np/categories/194401" data-el="food">호박씨/해바라기씨</a></li>
                                            <li><a href="/np/categories/194405" data-el="food">기타씨앗</a></li>
                                            <li><a href="/np/categories/194407" data-el="food">혼합견과/세트</a></li>
                                            <li><a href="/np/categories/194411" data-el="food">건과일/건채소</a></li>
                                            <li><a href="/np/categories/394584" data-el="food">과일가루</a></li>
                                        </ul>
                                    </li>
                                    <li><a href="/np/categories/432480" data-el="food">반찬/간편식/대용식<i class="si"></i></a>
                                        <ul class="tdl">
                                            <li><a href="/np/categories/432481" data-el="food">샐러드/닭가슴살</a></li>
                                            <li><a href="/np/categories/432506" data-el="food">간편과일/후레쉬컷</a></li>
                                            <li><a href="/np/categories/432531" data-el="food">시리얼/쉐이크/선식</a></li>
                                            <li><a href="/np/categories/432554" data-el="food">즉석밥/도시락</a></li>
                                            <li><a href="/np/categories/432568" data-el="food">즉석죽/스프</a></li>
                                            <li><a href="/np/categories/432572" data-el="food">라면/파스타/면</a></li>
                                            <li><a href="/np/categories/432595" data-el="food">김치/반찬/김</a></li>
                                            <li><a href="/np/categories/432669" data-el="food">국/탕/찌개</a></li>
                                            <li><a href="/np/categories/432672" data-el="food">고기/해물/간편조리</a></li>
                                            <li><a href="/np/categories/432740" data-el="food">분식/튀김/피자</a></li>
                                            <li><a href="/np/categories/432765" data-el="food">햄버거/베이커리/떡</a></li>
                                            <li><a href="/np/categories/432814" data-el="food">이유식/어린이식품</a></li>
                                        </ul>
                                    </li>
                                    <li><a href="/np/categories/195443" data-el="food">면/통조림/가공식품<i class="si"></i></a>
                                        <ul class="tdl">
                                            <li><a href="/np/categories/486355" data-el="food">라면/컵라면</a></li>
                                            <li><a href="/np/categories/486403" data-el="food">면류/파스타</a></li>
                                            <li><a href="/np/categories/195484" data-el="food">참치/햄/통조림</a></li>
                                            <li><a href="/np/categories/486855" data-el="food">즉석밥/누룽지</a></li>
                                            <li><a href="/np/categories/486581" data-el="food">카레/짜장/양념</a></li>
                                            <li><a href="/np/categories/486582" data-el="food">즉석국/간편조리</a></li>
                                        </ul>
                                    </li>
                                    <li><a href="/np/categories/195576" data-el="food">가루/조미료/오일<i class="si"></i></a>
                                        <ul class="tdl">
                                            <li><a href="/np/categories/195578" data-el="food">가루/분말류</a></li>
                                            <li><a href="/np/categories/195621" data-el="food">설탕/소금/조미료</a></li>
                                            <li><a href="/np/categories/195669" data-el="food">식용유/오일</a></li>
                                        </ul>
                                    </li>
                                    <li><a href="/np/categories/195694" data-el="food">장/소스/드레싱/식초<i class="si"></i></a>
                                        <ul class="tdl">
                                            <li><a href="/np/categories/195696" data-el="food">장류</a></li>
                                            <li><a href="/np/categories/195716" data-el="food">케찹/마요네즈</a></li>
                                            <li><a href="/np/categories/195720" data-el="food">머스타드</a></li>
                                            <li><a href="/np/categories/195721" data-el="food">소스</a></li>
                                            <li><a href="/np/categories/195747" data-el="food">드레싱</a></li>
                                            <li><a href="/np/categories/195756" data-el="food">식초/미림</a></li>
                                            <li><a href="/np/categories/195767" data-el="food">물엿/올리고당/조청</a></li>
                                            <li><a href="/np/categories/195772" data-el="food">육수/액젓</a></li>
                                            <li><a href="/np/categories/195778" data-el="food">꿀</a></li>
                                        </ul>
                                    </li>
                                    <li><a href="/np/categories/225461" data-el="food">냉장/냉동/간편요리<i class="si"></i></a>
                                        <ul class="tdl">
                                            <li><a href="/np/categories/486687" data-el="food">밀키트</a></li>
                                            <li><a href="/np/categories/446032" data-el="food">즉석밥/볶음밥</a></li>
                                            <li><a href="/np/categories/446035" data-el="food">즉석국/탕/찌개</a></li>
                                            <li><a href="/np/categories/225504" data-el="food">고기/해물/기타요리</a></li>
                                            <li><a href="/np/categories/446038" data-el="food">면류</a></li>
                                            <li><a href="/np/categories/446051" data-el="food">떡류</a></li>
                                            <li><a href="/np/categories/225481" data-el="food">만두/돈까스/치킨</a></li>
                                            <li><a href="/np/categories/225491" data-el="food">분식/피자/핫도그</a></li>
                                            <li><a href="/np/categories/225537" data-el="food">김치/젓갈/장류</a></li>
                                            <li><a href="/np/categories/225576" data-el="food">반찬/절임</a></li>
                                            <li><a href="/np/categories/225609" data-el="food">햄/어묵/맛살</a></li>
                                            <li><a href="/np/categories/225626" data-el="food">두부/샐러드/도시락</a></li>
                                        </ul>
                                    </li>
                                    <li><a href="/np/categories/194282" data-el="food">과일<i class="si"></i></a>
                                        <ul class="tdl">
                                            <li><a href="/np/categories/194284" data-el="food">사과/배</a></li>
                                            <li><a href="/np/categories/194288" data-el="food">귤/한라봉/감귤류</a></li>
                                            <li><a href="/np/categories/194294" data-el="food">감/홍시/곶감</a></li>
                                            <li><a href="/np/categories/194300" data-el="food">키위/참다래</a></li>
                                            <li><a href="/np/categories/194306" data-el="food">토마토/자두/복숭아/포도</a></li>
                                            <li><a href="/np/categories/194315" data-el="food">수박/메론/참외</a></li>
                                            <li><a href="/np/categories/194320" data-el="food">딸기/블루베리/베리류</a></li>
                                            <li><a href="/np/categories/194326" data-el="food">바나나/오렌지/파인애플</a></li>
                                            <li><a href="/np/categories/194331" data-el="food">자몽/레몬/라임/석류</a></li>
                                            <li><a href="/np/categories/194337" data-el="food">망고/체리/아보카도/기타</a></li>
                                            <li><a href="/np/categories/194358" data-el="food">냉동과일/간편과일</a></li>
                                            <li><a href="/np/categories/194368" data-el="food">과일선물세트</a></li>
                                        </ul>
                                    </li>
                                    <li><a href="/np/categories/194688" data-el="food">축산/계란<i class="si"></i></a>
                                        <ul class="tdl">
                                            <li><a href="/np/categories/194690" data-el="food">소고기</a></li>
                                            <li><a href="/np/categories/194726" data-el="food">돼지고기</a></li>
                                            <li><a href="/np/categories/194756" data-el="food">닭/오리고기</a></li>
                                            <li><a href="/np/categories/194792" data-el="food">양/말고기</a></li>
                                            <li><a href="/np/categories/194805" data-el="food">기타 육고기</a></li>
                                            <li><a href="/np/categories/194810" data-el="food">계란/알류/가공란</a></li>
                                            <li><a href="/np/categories/194817" data-el="food">축산선물세트</a></li>
                                        </ul>
                                    </li>
                                    <li><a href="/np/categories/194432" data-el="food">채소<i class="si"></i></a>
                                        <ul class="tdl">
                                            <li><a href="/np/categories/194434" data-el="food">두부/콩나물</a></li>
                                            <li><a href="/np/categories/194445" data-el="food">감자/고구마</a></li>
                                            <li><a href="/np/categories/194454" data-el="food">당근/뿌리채소</a></li>
                                            <li><a href="/np/categories/194485" data-el="food">오이/고추/열매채소</a></li>
                                            <li><a href="/np/categories/194505" data-el="food">양파/마늘/파</a></li>
                                            <li><a href="/np/categories/194516" data-el="food">배추/무/김장채소</a></li>
                                            <li><a href="/np/categories/194537" data-el="food">시금치/나물/잎줄기채소</a></li>
                                            <li><a href="/np/categories/194569" data-el="food">상추/깻잎/쌈채소</a></li>
                                            <li><a href="/np/categories/194575" data-el="food">샐러드/손질채소</a></li>
                                            <li><a href="/np/categories/194584" data-el="food">새송이/버섯류</a></li>
                                            <li><a href="/np/categories/194603" data-el="food">인삼/건강차재료</a></li>
                                            <li><a href="/np/categories/194619" data-el="food">기타채소</a></li>
                                            <li><a href="/np/categories/194620" data-el="food">건나물/건채소</a></li>
                                            <li class="mc"><a href="/np/categories/194622">더보기</a></li>
                                        </ul>
                                    </li>
                                    <li><a href="/np/categories/194829" data-el="food">수산물/건어물<i class="si"></i></a>
                                        <ul class="tdl">
                                            <li><a href="/np/categories/194831" data-el="food">생선</a></li>
                                            <li><a href="/np/categories/194889" data-el="food">오징어/낙지/연체류</a></li>
                                            <li><a href="/np/categories/194898" data-el="food">새우/게/갑각류</a></li>
                                            <li><a href="/np/categories/194907" data-el="food">전복/굴/조개류</a></li>
                                            <li><a href="/np/categories/194931" data-el="food">멸치/다시팩/기타</a></li>
                                            <li><a href="/np/categories/194938" data-el="food">김/미역/해조류</a></li>
                                            <li><a href="/np/categories/194961" data-el="food">건오징어/쥐포/어포</a></li>
                                            <li><a href="/np/categories/194975" data-el="food">황태/진미채</a></li>
                                            <li><a href="/np/categories/194980" data-el="food">생선알</a></li>
                                            <li><a href="/np/categories/194988" data-el="food">기타수산물/건어물</a></li>
                                            <li><a href="/np/categories/195000" data-el="food">수산물선물세트</a></li>
                                        </ul>
                                    </li>
                                    <li class="mc"><a href="/np/categories/194627">더보기</a></li>
                                </ul>
                                <span class="gnb-banner" style="background:#FFF" data-sentry-component="Banner"
                                      data-sentry-source-file="Banner.tsx"><a
                                        href="https://www.coupang.com/np/siteWideEvent?mlpPageId=1381" title="식품"
                                        data-el="food">식품</a><img loading="lazy" alt="식품"
                                                                  src="https://image7.coupangcdn.com/image/displayitem/displayitem_ee84f7ce-d0e8-445a-bef1-e5aa0f054995.jpg"/></span>
                            </div>
                        </li>
                        <li class="kitchen wa-category-icon" data-sentry-component="ThirdDepthGnb"
                            data-sentry-source-file="ThirdDepthGnb.tsx"><a href="/np/categories/185669"
                                                                           data-el="kitchen">주방용품<i class="si"></i></a>
                            <div class="depth">
                                <ul class="sdl">
                                    <li><a href="/np/categories/185671" data-el="kitchen">냄비/프라이팬<i class="si"></i></a>
                                        <ul class="tdl">
                                            <li><a href="/np/categories/185673" data-el="kitchen">냄비/뚝배기</a></li>
                                            <li><a href="/np/categories/185686" data-el="kitchen">프라이팬</a></li>
                                            <li><a href="/np/categories/185705" data-el="kitchen">냄비/프라이팬세트</a></li>
                                            <li><a href="/np/categories/185722" data-el="kitchen">찜솥/들통</a></li>
                                            <li><a href="/np/categories/185729" data-el="kitchen">압력솥/가마솥</a></li>
                                        </ul>
                                    </li>
                                    <li><a href="/np/categories/185976" data-el="kitchen">주방조리도구<i class="si"></i></a>
                                        <ul class="tdl">
                                            <li><a href="/np/categories/186012" data-el="kitchen">조리도구</a></li>
                                            <li><a href="/np/categories/186038" data-el="kitchen">조리도구세트</a></li>
                                            <li><a href="/np/categories/186045" data-el="kitchen">가위/슬라이서/스퀴져</a></li>
                                            <li><a href="/np/categories/186059" data-el="kitchen">믹싱볼/대야</a></li>
                                            <li><a href="/np/categories/186063" data-el="kitchen">채반/소쿠리</a></li>
                                            <li><a href="/np/categories/186067" data-el="kitchen">다지기/절구/밀대</a></li>
                                            <li><a href="/np/categories/486528" data-el="kitchen">석쇠/버너/화로</a></li>
                                            <li><a href="/np/categories/186085" data-el="kitchen">야채탈수기</a></li>
                                            <li><a href="/np/categories/407524" data-el="kitchen">간식/도시락조리도구</a></li>
                                            <li><a href="/np/categories/509037" data-el="kitchen">베이킹용품</a></li>
                                            <li><a href="/np/categories/509166" data-el="kitchen">칼</a></li>
                                            <li><a href="/np/categories/508986" data-el="kitchen">도마</a></li>
                                        </ul>
                                    </li>
                                    <li><a href="/np/categories/185735" data-el="kitchen">그릇/홈세트<i class="si"></i></a>
                                        <ul class="tdl">
                                            <li><a href="/np/categories/185737" data-el="kitchen">식기홈세트</a></li>
                                            <li><a href="/np/categories/185744" data-el="kitchen">그릇/식기</a></li>
                                            <li><a href="/np/categories/185782" data-el="kitchen">접시/플레이트</a></li>
                                            <li><a href="/np/categories/486307" data-el="kitchen">식탁보/테이블매트</a></li>
                                            <li><a href="/np/categories/185792" data-el="kitchen">쟁반/베드트레이</a></li>
                                            <li><a href="/np/categories/185764" data-el="kitchen">이유/유아식기</a></li>
                                            <li><a href="/np/categories/509147" data-el="kitchen">제기/제수용품</a></li>
                                        </ul>
                                    </li>
                                    <li><a href="/np/categories/185823" data-el="kitchen">수저/커트러리<i class="si"></i></a>
                                        <ul class="tdl">
                                            <li><a href="/np/categories/185825" data-el="kitchen">수저/커트러리세트</a></li>
                                            <li><a href="/np/categories/185831" data-el="kitchen">숟가락/티스푼</a></li>
                                            <li><a href="/np/categories/185837" data-el="kitchen">젓가락</a></li>
                                            <li><a href="/np/categories/185841" data-el="kitchen">포크/디저트포크</a></li>
                                            <li><a href="/np/categories/185846" data-el="kitchen">나이프</a></li>
                                            <li><a href="/np/categories/185852" data-el="kitchen">유아동수저</a></li>
                                            <li><a href="/np/categories/185863" data-el="kitchen">서빙스푼/스쿱</a></li>
                                            <li><a href="/np/categories/185867" data-el="kitchen">수저통/수저받침</a></li>
                                        </ul>
                                    </li>
                                    <li><a href="/np/categories/185797" data-el="kitchen">컵/텀블러/와인용품<i
                                            class="si"></i></a>
                                        <ul class="tdl">
                                            <li><a href="/np/categories/185799" data-el="kitchen">머그/드링크자</a></li>
                                            <li><a href="/np/categories/185805" data-el="kitchen">커피잔/찻잔</a></li>
                                            <li><a href="/np/categories/185804" data-el="kitchen">텀블러/콜드컵</a></li>
                                            <li><a href="/np/categories/509280" data-el="kitchen">유아동컵/빨대컵</a></li>
                                            <li><a href="/np/categories/185803" data-el="kitchen">물컵/주스컵/스텐컵</a></li>
                                            <li><a href="/np/categories/185811" data-el="kitchen">유리컵/맥주잔</a></li>
                                            <li><a href="/np/categories/508998" data-el="kitchen">와인용품</a></li>
                                            <li><a href="/np/categories/509134" data-el="kitchen">주류용품</a></li>
                                            <li><a href="/np/categories/185819" data-el="kitchen">컵소품</a></li>
                                        </ul>
                                    </li>
                                    <li><a href="/np/categories/186412" data-el="kitchen">주전자/커피/티용품<i
                                            class="si"></i></a>
                                        <ul class="tdl">
                                            <li><a href="/np/categories/508880" data-el="kitchen">주전자/티포트</a></li>
                                            <li><a href="/np/categories/186414" data-el="kitchen">커피용품</a></li>
                                            <li><a href="/np/categories/186440" data-el="kitchen">티용품</a></li>
                                        </ul>
                                    </li>
                                    <li><a href="/np/categories/186147" data-el="kitchen">주방수납/정리<i class="si"></i></a>
                                        <ul class="tdl">
                                            <li><a href="/np/categories/384929" data-el="kitchen">공간별수납/정리</a></li>
                                            <li><a href="/np/categories/186149" data-el="kitchen">식기건조대/선반</a></li>
                                            <li><a href="/np/categories/403183" data-el="kitchen">주방정리소품</a></li>
                                            <li><a href="/np/categories/509117" data-el="kitchen">교자상</a></li>
                                        </ul>
                                    </li>
                                    <li><a href="/np/categories/185872" data-el="kitchen">밀폐저장/도시락<i class="si"></i></a>
                                        <ul class="tdl">
                                            <li><a href="/np/categories/185874" data-el="kitchen">밀폐보관용기</a></li>
                                            <li><a href="/np/categories/185884" data-el="kitchen">특수저장용기</a></li>
                                            <li><a href="/np/categories/185896" data-el="kitchen">양념통/오일병</a></li>
                                            <li><a href="/np/categories/185907" data-el="kitchen">쌀통/잡곡통/항아리</a></li>
                                            <li><a href="/np/categories/185913" data-el="kitchen">김치통/진공항아리</a></li>
                                            <li><a href="/np/categories/185914" data-el="kitchen">물병/물통/텀블러</a></li>
                                            <li><a href="/np/categories/185940" data-el="kitchen">도시락통/가방/찬합</a></li>
                                            <li><a href="/np/categories/509268" data-el="kitchen">이유식조리보관</a></li>
                                            <li><a href="/np/categories/509273" data-el="kitchen">유아동물병/도시락</a></li>
                                        </ul>
                                    </li>
                                    <li><a href="/np/categories/399678" data-el="kitchen">주방잡화<i class="si"></i></a>
                                        <ul class="tdl">
                                            <li><a href="/np/categories/399679" data-el="kitchen">수세미/세척솔</a></li>
                                            <li><a href="/np/categories/399685" data-el="kitchen">고무장갑</a></li>
                                            <li><a href="/np/categories/399686" data-el="kitchen">행주</a></li>
                                            <li><a href="/np/categories/399689" data-el="kitchen">앞치마/오븐장갑</a></li>
                                            <li><a href="/np/categories/399696" data-el="kitchen">주방매트/다용도매트</a></li>
                                            <li><a href="/np/categories/399700" data-el="kitchen">식탁보/테이블매트</a></li>
                                            <li><a href="/np/categories/399705" data-el="kitchen">음식물쓰레기통</a></li>
                                            <li><a href="/np/categories/399708" data-el="kitchen">싱크대용품</a></li>
                                            <li><a href="/np/categories/399712" data-el="kitchen">아트보드/렌지가드</a></li>
                                            <li><a href="/np/categories/399716" data-el="kitchen">계량/저울/타이머</a></li>
                                            <li><a href="/np/categories/399723" data-el="kitchen">덮개/받침</a></li>
                                            <li><a href="/np/categories/399732" data-el="kitchen">냅킨/주방수건</a></li>
                                            <li><a href="/np/categories/399736" data-el="kitchen">오프너/병따개</a></li>
                                            <li class="mc"><a href="/np/categories/399741">더보기</a></li>
                                        </ul>
                                    </li>
                                    <li><a href="/np/categories/186260" data-el="kitchen">일회용품/종이컵<i class="si"></i></a>
                                        <ul class="tdl">
                                            <li><a href="/np/categories/186262" data-el="kitchen">랩/호일/유산지</a></li>
                                            <li><a href="/np/categories/276482" data-el="kitchen">키친타올</a></li>
                                            <li><a href="/np/categories/186273" data-el="kitchen">일회용장갑</a></li>
                                            <li><a href="/np/categories/186277" data-el="kitchen">위생백/비닐봉투</a></li>
                                            <li><a href="/np/categories/186285" data-el="kitchen">일회용컵</a></li>
                                            <li><a href="/np/categories/186298" data-el="kitchen">일회용수저</a></li>
                                            <li><a href="/np/categories/186305" data-el="kitchen">일회용용기/도시락</a></li>
                                            <li><a href="/np/categories/497112" data-el="kitchen">배달일회용용품</a></li>
                                            <li><a href="/np/categories/186315" data-el="kitchen">빨대/스트로우</a></li>
                                            <li><a href="/np/categories/186322" data-el="kitchen">기타주방일회용품</a></li>
                                        </ul>
                                    </li>
                                    <li><a href="/np/categories/185955" data-el="kitchen">보온/보냉용품<i class="si"></i></a>
                                        <ul class="tdl">
                                            <li><a href="/np/categories/185957" data-el="kitchen">보온/보냉병</a></li>
                                            <li><a href="/np/categories/185958" data-el="kitchen">보온/보냉도시락</a></li>
                                            <li><a href="/np/categories/185962" data-el="kitchen">보온죽통/푸드자</a></li>
                                            <li><a href="/np/categories/185963" data-el="kitchen">보온/보냉텀블러</a></li>
                                            <li><a href="/np/categories/185964" data-el="kitchen">보온/보냉주전자</a></li>
                                            <li><a href="/np/categories/185965" data-el="kitchen">아이스박스/아이스팩</a></li>
                                            <li><a href="/np/categories/185969" data-el="kitchen">아이스물통/워터저그</a></li>
                                            <li><a href="/np/categories/185970" data-el="kitchen">쿨러백/보온보냉소품</a></li>
                                        </ul>
                                    </li>
                                    <li><a href="/np/categories/429840" data-el="kitchen">1인가구 주방용품<i
                                            class="si"></i></a>
                                        <ul class="tdl">
                                            <li><a href="/np/campaigns/2346" data-el="kitchen">1인 식기세트</a></li>
                                            <li><a href="/np/categories/429842" data-el="kitchen">샐러드볼/시리얼볼</a></li>
                                            <li><a href="/np/campaigns/2159" data-el="kitchen">미니밥솥</a></li>
                                            <li><a href="/np/campaigns/2373" data-el="kitchen">냉동밥 보관용기</a></li>
                                            <li><a href="/np/categories/429847" data-el="kitchen">홈바</a></li>
                                            <li><a href="/np/categories/429853" data-el="kitchen">전자레인지</a></li>
                                            <li><a href="/np/campaigns/2369" data-el="kitchen">전기레인지</a></li>
                                            <li><a href="/np/categories/429855" data-el="kitchen">에어프라이어</a></li>
                                            <li><a href="/np/categories/429856" data-el="kitchen">멀티포트/티포트</a></li>
                                            <li><a href="/np/categories/429857" data-el="kitchen">핸드블렌더</a></li>
                                            <li><a href="/np/categories/429858" data-el="kitchen">토스터</a></li>
                                            <li><a href="/np/categories/429859" data-el="kitchen">냄비/프라이팬</a></li>
                                            <li><a href="/np/categories/429862" data-el="kitchen">칼/가위/도마</a></li>
                                            <li class="mc"><a href="/np/categories/429867">더보기</a></li>
                                        </ul>
                                    </li>
                                    <li><a href="/np/categories/186504" data-el="kitchen">주방가전<i class="si"></i></a>
                                        <ul class="tdl">
                                            <li><a href="/np/categories/186506" data-el="kitchen">전기밥솥</a></li>
                                            <li><a href="/np/categories/445266" data-el="kitchen">전자레인지</a></li>
                                            <li><a href="/np/categories/445267" data-el="kitchen">오븐</a></li>
                                            <li><a href="/np/categories/384889" data-el="kitchen">가스레인지</a></li>
                                            <li><a href="/np/categories/384890" data-el="kitchen">전기레인지</a></li>
                                            <li><a href="/np/categories/186585" data-el="kitchen">식기세척/건조기</a></li>
                                            <li><a href="/np/categories/186543" data-el="kitchen">믹서기/블렌더</a></li>
                                            <li><a href="/np/categories/186533" data-el="kitchen">커피메이커/머신</a></li>
                                            <li><a href="/np/categories/427583" data-el="kitchen">빙수기/제빙기</a></li>
                                            <li><a href="/np/categories/384907" data-el="kitchen">전기포트</a></li>
                                            <li><a href="/np/categories/445272" data-el="kitchen">에어프라이어</a></li>
                                            <li><a href="/np/categories/445273" data-el="kitchen">튀김기</a></li>
                                            <li><a href="/np/categories/445278" data-el="kitchen">토스터</a></li>
                                            <li class="mc"><a href="/np/categories/445279">더보기</a></li>
                                        </ul>
                                    </li>
                                </ul>
                                <span class="gnb-banner" style="background:#FFF" data-sentry-component="Banner"
                                      data-sentry-source-file="Banner.tsx"><a
                                        href="https://www.coupang.com/np/campaigns/18867" title="프리미엄 키친(23/8/31~)"
                                        data-el="kitchen">주방용품</a><img loading="lazy" alt="프리미엄 키친(23/8/31~)"
                                                                       src="https://image7.coupangcdn.com/image/displayitem/displayitem_99a82ab1-e6ef-4bbd-b91f-b54364bcee4c.jpg"/></span>
                            </div>
                        </li>
                        <li class="life wa-category-icon" data-sentry-component="ThirdDepthGnb"
                            data-sentry-source-file="ThirdDepthGnb.tsx"><a href="/np/categories/115673"
                                                                           data-el="living">생활용품<i class="si"></i></a>
                            <div class="depth">
                                <ul class="sdl">
                                    <li><a href="/np/categories/123111" data-el="living">헤어<i class="si"></i></a>
                                        <ul class="tdl">
                                            <li><a href="/np/categories/123139" data-el="living">샴푸/린스</a></li>
                                            <li><a href="/np/categories/123170" data-el="living">트리트먼트/팩/앰플</a></li>
                                            <li><a href="/np/categories/126790" data-el="living">스타일링/케어/세트</a></li>
                                            <li><a href="/np/categories/126791" data-el="living">염색/파마</a></li>
                                        </ul>
                                    </li>
                                    <li><a href="/np/categories/509357" data-el="living">바디/세안<i class="si"></i></a>
                                        <ul class="tdl">
                                            <li><a href="/np/categories/509358" data-el="living">샤워/입욕용품</a></li>
                                            <li><a href="/np/categories/509509" data-el="living">바디로션/크림</a></li>
                                            <li><a href="/np/categories/509518" data-el="living">핸드/풋/데오</a></li>
                                            <li><a href="/np/categories/509543" data-el="living">제모/슬리밍/청결제</a></li>
                                            <li><a href="/np/categories/509562" data-el="living">클렌징/필링</a></li>
                                        </ul>
                                    </li>
                                    <li><a href="/np/categories/114471" data-el="living">구강/면도<i class="si"></i></a>
                                        <ul class="tdl">
                                            <li><a href="/np/categories/114563" data-el="living">면도기/날</a></li>
                                            <li><a href="/np/categories/114564" data-el="living">면도크림/젤</a></li>
                                            <li><a href="/np/categories/114565" data-el="living">치약</a></li>
                                            <li><a href="/np/categories/114566" data-el="living">칫솔</a></li>
                                            <li><a href="/np/categories/281742" data-el="living">전동칫솔/칫솔모</a></li>
                                            <li><a href="/np/categories/159429" data-el="living">치약/칫솔 세트</a></li>
                                            <li><a href="/np/categories/114567" data-el="living">구강청결제</a></li>
                                            <li><a href="/np/categories/114568" data-el="living">치실/치간칫솔</a></li>
                                            <li><a href="/np/categories/114569" data-el="living">치아미백제</a></li>
                                            <li><a href="/np/categories/114570" data-el="living">구강보조용품</a></li>
                                        </ul>
                                    </li>
                                    <li><a href="/np/categories/465071" data-el="living">화장지/물티슈<i class="si"></i></a>
                                        <ul class="tdl">
                                            <li><a href="/np/categories/465073" data-el="living">화장지</a></li>
                                            <li><a href="/np/categories/465074" data-el="living">갑티슈/여행용티슈</a></li>
                                            <li><a href="/np/categories/465075" data-el="living">물티슈/비데티슈</a></li>
                                            <li><a href="/np/categories/465076" data-el="living">키친타올</a></li>
                                        </ul>
                                    </li>
                                    <li><a href="/np/categories/465072" data-el="living">생리대/성인용기저귀<i
                                            class="si"></i></a>
                                        <ul class="tdl">
                                            <li><a href="/np/categories/465077" data-el="living">일반생리대</a></li>
                                            <li><a href="/np/categories/465078" data-el="living">오버나이트</a></li>
                                            <li><a href="/np/categories/465079" data-el="living">팬티라이너</a></li>
                                            <li><a href="/np/categories/465080" data-el="living">체내형/생리컵</a></li>
                                            <li><a href="/np/categories/465081" data-el="living">면 생리대</a></li>
                                            <li><a href="/np/categories/465083" data-el="living">산모/임산부패드</a></li>
                                            <li><a href="/np/categories/465084" data-el="living">위생/생리팬티</a></li>
                                            <li><a href="/np/categories/465082" data-el="living">성인용기저귀/패드</a></li>
                                            <li><a href="/np/categories/465085" data-el="living">여성청결제</a></li>
                                        </ul>
                                    </li>
                                    <li><a href="/np/categories/502258" data-el="living">기저귀<i class="si"></i></a>
                                        <ul class="tdl">
                                            <li><a href="/np/categories/502259" data-el="living">일회용기저귀</a></li>
                                            <li><a href="/np/categories/502263" data-el="living">수영장기저귀</a></li>
                                            <li><a href="/np/categories/502264" data-el="living">천기저귀/액세서리</a></li>
                                            <li><a href="/np/categories/502268" data-el="living">배변훈련팬티</a></li>
                                            <li><a href="/np/categories/502269" data-el="living">기저귀케익</a></li>
                                            <li><a href="/np/categories/502270" data-el="living">기저귀크림/파우더</a></li>
                                            <li><a href="/np/categories/502274" data-el="living">기저귀정리함</a></li>
                                            <li><a href="/np/categories/502275" data-el="living">기저귀매트</a></li>
                                            <li><a href="/np/categories/502279" data-el="living">기저귀통/봉투</a></li>
                                            <li><a href="/np/categories/502282" data-el="living">기저귀가방</a></li>
                                        </ul>
                                    </li>
                                    <li><a href="/np/categories/399742" data-el="living">세탁세제<i class="si"></i></a>
                                        <ul class="tdl">
                                            <li><a href="/np/categories/399743" data-el="living">액체세제</a></li>
                                            <li><a href="/np/categories/399744" data-el="living">분말세제</a></li>
                                            <li><a href="/np/categories/399745" data-el="living">캡슐세제</a></li>
                                            <li><a href="/np/categories/498014" data-el="living">시트세제</a></li>
                                            <li><a href="/np/categories/498015" data-el="living">섬유유연제</a></li>
                                            <li><a href="/np/categories/498016" data-el="living">울세제/홈드라이세제</a></li>
                                            <li><a href="/np/categories/564321" data-el="living">섬유항균제</a></li>
                                            <li><a href="/np/categories/399747" data-el="living">향기지속제</a></li>
                                            <li><a href="/np/categories/399748" data-el="living">표백제</a></li>
                                            <li><a href="/np/categories/399750" data-el="living">세탁비누</a></li>
                                            <li><a href="/np/categories/399751" data-el="living">얼룩/찌든때 제거제</a></li>
                                            <li><a href="/np/categories/399752" data-el="living">운동화/가죽크리너</a></li>
                                            <li><a href="/np/categories/399753" data-el="living">유아세제/섬유유연제</a></li>
                                            <li class="mc"><a href="/np/categories/399757">더보기</a></li>
                                        </ul>
                                    </li>
                                    <li><a href="/np/categories/399758" data-el="living">청소/주방세제<i class="si"></i></a>
                                        <ul class="tdl">
                                            <li><a href="/np/categories/498021" data-el="living">친환경/천연세제</a></li>
                                            <li><a href="/np/categories/399760" data-el="living">청소세제</a></li>
                                            <li><a href="/np/categories/399773" data-el="living">주방세제</a></li>
                                            <li><a href="/np/categories/399783" data-el="living">세제선물세트</a></li>
                                        </ul>
                                    </li>
                                    <li><a href="/np/categories/114472" data-el="living">탈취/방향/살충<i class="si"></i></a>
                                        <ul class="tdl">
                                            <li><a href="/np/categories/114596" data-el="living">탈취제</a></li>
                                            <li><a href="/np/categories/154294" data-el="living">제습제</a></li>
                                            <li><a href="/np/categories/114597" data-el="living">방향제</a></li>
                                            <li><a href="/np/categories/154289" data-el="living">캔들/디퓨저</a></li>
                                            <li><a href="/np/categories/363658" data-el="living">살충제/벌레약</a></li>
                                            <li><a href="/np/categories/363664" data-el="living">야외활동케어</a></li>
                                            <li><a href="/np/categories/363669" data-el="living">방충용품</a></li>
                                            <li><a href="/np/categories/363677" data-el="living">곰팡이/진드기</a></li>
                                        </ul>
                                    </li>
                                    <li><a href="/np/categories/114473" data-el="living">건강/의료용품<i class="si"></i></a>
                                        <ul class="tdl">
                                            <li><a href="/np/categories/114642" data-el="living">마스크</a></li>
                                            <li><a href="/np/categories/114650" data-el="living">의약외품/상비용품</a></li>
                                            <li><a href="/np/categories/114641" data-el="living">눈/렌즈용품</a></li>
                                            <li><a href="/np/categories/114646" data-el="living">코/수면용품</a></li>
                                            <li><a href="/np/categories/114643" data-el="living">자세교정/보호대</a></li>
                                            <li><a href="/np/categories/373491" data-el="living">마사지용품</a></li>
                                            <li><a href="/np/categories/114645" data-el="living">한방/찜질용품</a></li>
                                            <li><a href="/np/categories/114644" data-el="living">건강측정용품</a></li>
                                            <li><a href="/np/categories/114651" data-el="living">전문의료용품</a></li>
                                            <li><a href="/np/categories/114648" data-el="living">건강액세서리</a></li>
                                            <li><a href="/np/categories/114647" data-el="living">활동보조용품</a></li>
                                        </ul>
                                    </li>
                                    <li><a href="/np/categories/174692" data-el="living">성인용품(19)<i class="si"></i></a>
                                        <ul class="tdl">
                                            <li><a href="/np/categories/219159" data-el="living">콘돔</a></li>
                                            <li><a href="/np/categories/510373" data-el="living">러브젤</a></li>
                                            <li><a href="/np/categories/403213" data-el="living">마사지젤/오일</a></li>
                                            <li><a href="/np/categories/219162" data-el="living">성인 완구/게임(19)</a></li>
                                            <li><a href="/np/categories/305527" data-el="living">성인용품세트(19)</a></li>
                                            <li><a href="/np/categories/174704" data-el="living">성인 란제리(19)</a></li>
                                            <li><a href="/np/categories/247512" data-el="living">성인 코스튬(19)</a></li>
                                            <li><a href="/np/categories/219171" data-el="living">성인 가구(19)</a></li>
                                            <li><a href="/np/categories/219172" data-el="living">구속/처벌 용품(19)</a></li>
                                            <li><a href="/np/categories/174714" data-el="living">성인 도서/DVD(19)</a></li>
                                            <li><a href="/np/categories/379778" data-el="living">금연/흡연용품(19)</a></li>
                                        </ul>
                                    </li>
                                    <li><a href="/np/categories/225844" data-el="living">세탁/청소용품<i class="si"></i></a>
                                        <ul class="tdl">
                                            <li><a href="/np/categories/225845" data-el="living">청소용품</a></li>
                                            <li><a href="/np/categories/225852" data-el="living">밀대/청소포</a></li>
                                            <li><a href="/np/categories/225865" data-el="living">빨래건조대</a></li>
                                            <li><a href="/np/categories/225861" data-el="living">빨래용품</a></li>
                                            <li><a href="/np/categories/225871" data-el="living">휴지통</a></li>
                                            <li><a href="/np/categories/225866" data-el="living">분리수거함</a></li>
                                            <li><a href="/np/categories/225872" data-el="living">먼지제거/클리너</a></li>
                                            <li><a href="/np/categories/225878" data-el="living">세탁/다림용품</a></li>
                                        </ul>
                                    </li>
                                    <li><a href="/np/categories/419509" data-el="living">욕실용품<i class="si"></i></a>
                                        <ul class="tdl">
                                            <li><a href="/np/categories/419510" data-el="living">샤워기/헤드</a></li>
                                            <li><a href="/np/categories/419523" data-el="living">목욕/샤워용품</a></li>
                                            <li><a href="/np/categories/419534" data-el="living">수건/타월</a></li>
                                            <li><a href="/np/categories/419547" data-el="living">욕실수납/정리</a></li>
                                            <li><a href="/np/categories/419557" data-el="living">욕실화</a></li>
                                            <li><a href="/np/categories/419542" data-el="living">욕실매트/발판</a></li>
                                            <li><a href="/np/categories/419517" data-el="living">욕조</a></li>
                                            <li><a href="/np/categories/419559" data-el="living">세면대/세면기</a></li>
                                            <li><a href="/np/categories/419562" data-el="living">변기/비데용품</a></li>
                                            <li><a href="/np/categories/419558" data-el="living">욕실거울</a></li>
                                            <li><a href="/np/categories/419569" data-el="living">욕실용품/잡화</a></li>
                                            <li><a href="/np/campaigns/1982" data-el="living">유아욕실용품</a></li>
                                            <li><a href="/np/categories/419578" data-el="living">수전용품</a></li>
                                            <li class="mc"><a href="/np/categories/419582">더보기</a></li>
                                        </ul>
                                    </li>
                                    <li><a href="/np/categories/399909" data-el="living">생활전기용품<i class="si"></i></a>
                                        <ul class="tdl">
                                            <li><a href="/np/categories/399910" data-el="living">멀티탭/연장선</a></li>
                                            <li><a href="/np/categories/399915" data-el="living">전구/램프</a></li>
                                            <li><a href="/np/categories/399922" data-el="living">조명기구/부속</a></li>
                                            <li><a href="/np/categories/399932" data-el="living">전선정리용품</a></li>
                                            <li><a href="/np/categories/399937" data-el="living">전기설비/자재</a></li>
                                            <li><a href="/np/categories/399946" data-el="living">건전지/배터리</a></li>
                                        </ul>
                                    </li>
                                    <li><a href="/np/categories/114727" data-el="living">수납/정리<i class="si"></i></a>
                                        <ul class="tdl">
                                            <li><a href="/np/categories/115136" data-el="living">선반/진열대</a></li>
                                            <li><a href="/np/categories/115133" data-el="living">리빙박스</a></li>
                                            <li><a href="/np/categories/403207" data-el="living">이사박스/종이박스</a></li>
                                            <li><a href="/np/categories/115135" data-el="living">수납장/서랍장</a></li>
                                            <li><a href="/np/categories/115134" data-el="living">바구니/칸막이</a></li>
                                            <li><a href="/np/categories/115131" data-el="living">행거</a></li>
                                            <li><a href="/np/categories/115132" data-el="living">옷걸이</a></li>
                                            <li><a href="/np/categories/115172" data-el="living">압축팩/커버</a></li>
                                            <li><a href="/np/categories/156717" data-el="living">슈즈렉/우산꽂이</a></li>
                                            <li><a href="/np/categories/224851" data-el="living">수납케이스</a></li>
                                            <li><a href="/np/categories/225886" data-el="living">욕실정리용품</a></li>
                                            <li><a href="/np/categories/225895" data-el="living">휴지통/분리수거함</a></li>
                                        </ul>
                                    </li>
                                    <li><a href="/np/categories/105903" data-el="living">주방수납/잡화<i class="si"></i></a>
                                        <ul class="tdl">
                                            <li><a href="/np/categories/105905" data-el="living">주방수납</a></li>
                                            <li><a href="/np/categories/105916" data-el="living">주방세척도구</a></li>
                                            <li><a href="/np/categories/105931" data-el="living">주방잡화</a></li>
                                            <li><a href="/np/categories/105975" data-el="living">주방일회용품</a></li>
                                        </ul>
                                    </li>
                                    <li class="mc"><a href="/np/categories/114729">더보기</a></li>
                                </ul>
                                <span class="gnb-banner" style="background:#FFF" data-sentry-component="Banner"
                                      data-sentry-source-file="Banner.tsx"><a
                                        href="https://www.coupang.com/np/siteWideEvent?mlpPageId=1379" title="생활용품"
                                        data-el="living">생활용품</a><img loading="lazy" alt="생활용품"
                                                                      src="https://image6.coupangcdn.com/image/displayitem/displayitem_c8a8a093-a9b3-4839-95ee-a5499feb2e3b.jpg"/></span>
                            </div>
                        </li>
                        <li class="home_decoration wa-category-icon" data-sentry-component="ThirdDepthGnb"
                            data-sentry-source-file="ThirdDepthGnb.tsx"><a href="/np/categories/184555"
                                                                           data-el="home_decoration">홈인테리어<i
                                class="si"></i></a>
                            <div class="depth">
                                <ul class="sdl">
                                    <li><a href="/np/campaigns/21954" data-el="home_decoration">디퓨저관</a></li>
                                    <li><a href="/np/categories/184557" data-el="home_decoration">가구<i
                                            class="si"></i></a>
                                        <ul class="tdl">
                                            <li><a href="/np/categories/184559" data-el="home_decoration">침실가구</a></li>
                                            <li><a href="/np/categories/434922" data-el="home_decoration">드레스룸</a></li>
                                            <li><a href="/np/categories/184621" data-el="home_decoration">거실가구</a></li>
                                            <li><a href="/np/categories/184674" data-el="home_decoration">주방가구</a></li>
                                            <li><a href="/np/categories/184699" data-el="home_decoration">학생/사무용가구</a>
                                            </li>
                                            <li><a href="/np/categories/184749" data-el="home_decoration">유아동가구</a></li>
                                            <li><a href="/np/categories/184780" data-el="home_decoration">야외가구</a></li>
                                            <li><a href="/np/categories/434961" data-el="home_decoration">수납가구</a></li>
                                        </ul>
                                    </li>
                                    <li><a href="/np/categories/184791" data-el="home_decoration">수납/정리<i
                                            class="si"></i></a>
                                        <ul class="tdl">
                                            <li><a href="/np/categories/184793" data-el="home_decoration">행거</a></li>
                                            <li><a href="/np/categories/184799" data-el="home_decoration">옷걸이/도어훅</a>
                                            </li>
                                            <li><a href="/np/categories/184805" data-el="home_decoration">리빙박스</a></li>
                                            <li><a href="/np/categories/403222" data-el="home_decoration">바구니/바스켓</a>
                                            </li>
                                            <li><a href="/np/categories/403223" data-el="home_decoration">압축팩/커버</a>
                                            </li>
                                            <li><a href="/np/categories/184812" data-el="home_decoration">틈새서랍/정리함</a>
                                            </li>
                                            <li><a href="/np/categories/184817" data-el="home_decoration">선반/정리대</a>
                                            </li>
                                            <li><a href="/np/categories/184823" data-el="home_decoration">기타정리용품</a>
                                            </li>
                                            <li><a href="/np/categories/379727" data-el="home_decoration">휴지통</a></li>
                                        </ul>
                                    </li>
                                    <li><a href="/np/categories/388647" data-el="home_decoration">여름 침구샵<i
                                            class="si"></i></a>
                                        <ul class="tdl">
                                            <li><a href="/np/categories/388648" data-el="home_decoration">이불/침구세트</a>
                                            </li>
                                            <li><a href="/np/categories/388653" data-el="home_decoration">쿨매트/패드</a>
                                            </li>
                                            <li><a href="/np/categories/388657" data-el="home_decoration">침구커버류</a></li>
                                            <li><a href="/np/categories/388664" data-el="home_decoration">베개</a></li>
                                            <li><a href="/np/categories/388698" data-el="home_decoration">대자리/러그/거실화</a>
                                            </li>
                                            <li><a href="/np/categories/388707" data-el="home_decoration">커튼</a></li>
                                            <li><a href="/np/categories/388682" data-el="home_decoration">방석/쿠션</a></li>
                                            <li><a href="/np/categories/388688" data-el="home_decoration">모기장/안전망</a>
                                            </li>
                                            <li><a href="/np/categories/388670" data-el="home_decoration">유아동침구</a></li>
                                            <li><a href="/np/categories/388702" data-el="home_decoration">문발/블라인드</a>
                                            </li>
                                        </ul>
                                    </li>
                                    <li><a href="/np/categories/419692" data-el="home_decoration">욕실용품<i class="si"></i></a>
                                        <ul class="tdl">
                                            <li><a href="/np/categories/419693" data-el="home_decoration">샤워기/헤드</a>
                                            </li>
                                            <li><a href="/np/categories/419700" data-el="home_decoration">목욕/샤워용품</a>
                                            </li>
                                            <li><a href="/np/categories/419711" data-el="home_decoration">수건/타월</a></li>
                                            <li><a href="/np/categories/419719" data-el="home_decoration">욕실수납/정리</a>
                                            </li>
                                            <li><a href="/np/categories/419729" data-el="home_decoration">욕실화</a></li>
                                            <li><a href="/np/categories/419730" data-el="home_decoration">욕실매트/발판</a>
                                            </li>
                                            <li><a href="/np/categories/419735" data-el="home_decoration">욕조</a></li>
                                            <li><a href="/np/categories/419741" data-el="home_decoration">세면대/세면기</a>
                                            </li>
                                            <li><a href="/np/categories/419744" data-el="home_decoration">변기/비데용품</a>
                                            </li>
                                            <li><a href="/np/categories/419751" data-el="home_decoration">욕실거울</a></li>
                                            <li><a href="/np/categories/419752" data-el="home_decoration">욕실용품/잡화</a>
                                            </li>
                                            <li><a href="/np/campaigns/1982" data-el="home_decoration">유아욕실용품</a></li>
                                            <li><a href="/np/categories/419761" data-el="home_decoration">수전용품</a></li>
                                            <li class="mc"><a href="/np/categories/419765">더보기</a></li>
                                        </ul>
                                    </li>
                                    <li><a href="/np/categories/510332" data-el="home_decoration">세탁/청소용품<i
                                            class="si"></i></a>
                                        <ul class="tdl">
                                            <li><a href="/np/categories/510333" data-el="home_decoration">청소용품</a></li>
                                            <li><a href="/np/categories/510345" data-el="home_decoration">밀대/청소포</a>
                                            </li>
                                            <li><a href="/np/categories/510349" data-el="home_decoration">빨래건조대</a></li>
                                            <li><a href="/np/categories/510350" data-el="home_decoration">빨래용품</a></li>
                                            <li><a href="/np/categories/510354" data-el="home_decoration">휴지통</a></li>
                                            <li><a href="/np/categories/510355" data-el="home_decoration">분리수거함</a></li>
                                            <li><a href="/np/categories/510358" data-el="home_decoration">먼지제거/클리너</a>
                                            </li>
                                            <li><a href="/np/categories/510364" data-el="home_decoration">세탁/다림용품</a>
                                            </li>
                                        </ul>
                                    </li>
                                    <li><a href="/np/categories/400472" data-el="home_decoration">침구<i
                                            class="si"></i></a>
                                        <ul class="tdl">
                                            <li><a href="/np/categories/400473" data-el="home_decoration">이불</a></li>
                                            <li><a href="/np/categories/400481" data-el="home_decoration">요/패드</a></li>
                                            <li><a href="/np/categories/400491" data-el="home_decoration">매트</a></li>
                                            <li><a href="/np/categories/400495" data-el="home_decoration">이불솜/속</a></li>
                                            <li><a href="/np/categories/400501" data-el="home_decoration">침구커버</a></li>
                                            <li><a href="/np/categories/400507" data-el="home_decoration">침구세트</a></li>
                                            <li><a href="/np/categories/400512" data-el="home_decoration">유아동침구</a></li>
                                            <li><a href="/np/categories/400534" data-el="home_decoration">베개</a></li>
                                            <li><a href="/np/categories/400543" data-el="home_decoration">롱쿠션/바디필로우</a>
                                            </li>
                                            <li><a href="/np/categories/400546" data-el="home_decoration">담요</a></li>
                                            <li><a href="/np/categories/400547" data-el="home_decoration">죽부인</a></li>
                                            <li><a href="/np/categories/400548" data-el="home_decoration">쿨매트</a></li>
                                            <li><a href="/np/categories/400549" data-el="home_decoration">전기/온수매트</a>
                                            </li>
                                        </ul>
                                    </li>
                                    <li><a href="/np/categories/185150" data-el="home_decoration">카페트/쿠션/거실화<i
                                            class="si"></i></a>
                                        <ul class="tdl">
                                            <li><a href="/np/categories/185152" data-el="home_decoration">러그/카페트</a>
                                            </li>
                                            <li><a href="/np/categories/197131" data-el="home_decoration">발매트/주방매트</a>
                                            </li>
                                            <li><a href="/np/categories/185158" data-el="home_decoration">놀이/다용도매트</a>
                                            </li>
                                            <li><a href="/np/categories/197132" data-el="home_decoration">원목/대자리</a>
                                            </li>
                                            <li><a href="/np/categories/400899" data-el="home_decoration">쿠션/방석</a></li>
                                            <li><a href="/np/categories/400928" data-el="home_decoration">거실화</a></li>
                                            <li><a href="/np/categories/400929" data-el="home_decoration">소파패드/커버</a>
                                            </li>
                                            <li><a href="/np/categories/400932" data-el="home_decoration">가전/가구커버</a>
                                            </li>
                                            <li><a href="/np/categories/400952" data-el="home_decoration">홈패브릭</a></li>
                                        </ul>
                                    </li>
                                    <li><a href="/np/categories/185101" data-el="home_decoration">커튼/블라인드<i
                                            class="si"></i></a>
                                        <ul class="tdl">
                                            <li><a href="/np/categories/185103" data-el="home_decoration">커튼</a></li>
                                            <li><a href="/np/categories/185110" data-el="home_decoration">블라인드/쉐이드</a>
                                            </li>
                                            <li><a href="/np/categories/185119" data-el="home_decoration">롤스크린</a></li>
                                            <li><a href="/np/categories/185120" data-el="home_decoration">버티컬</a></li>
                                            <li><a href="/np/categories/185121" data-el="home_decoration">문발</a></li>
                                            <li><a href="/np/categories/185127" data-el="home_decoration">커튼부자재</a></li>
                                            <li><a href="/np/categories/185149" data-el="home_decoration">난방텐트</a></li>
                                            <li><a href="/np/categories/185142" data-el="home_decoration">모기장/캐노피</a>
                                            </li>
                                        </ul>
                                    </li>
                                    <li><a href="/np/categories/400554" data-el="home_decoration">수예/수선<i
                                            class="si"></i></a>
                                        <ul class="tdl">
                                            <li><a href="/np/categories/400555" data-el="home_decoration">원단</a></li>
                                            <li><a href="/np/categories/400562" data-el="home_decoration">실</a></li>
                                            <li><a href="/np/categories/400572" data-el="home_decoration">바늘</a></li>
                                            <li><a href="/np/categories/400586" data-el="home_decoration">반짇고리세트</a>
                                            </li>
                                            <li><a href="/np/categories/400587" data-el="home_decoration">재봉틀 용품</a>
                                            </li>
                                            <li><a href="/np/categories/400596" data-el="home_decoration">수선/재단도구</a>
                                            </li>
                                            <li><a href="/np/categories/400620" data-el="home_decoration">단추/레이스</a>
                                            </li>
                                            <li><a href="/np/categories/400637" data-el="home_decoration">장식/부자재</a>
                                            </li>
                                            <li><a href="/np/categories/400654" data-el="home_decoration">솜/보충재</a></li>
                                            <li><a href="/np/categories/400663" data-el="home_decoration">뜨개질용품</a></li>
                                            <li><a href="/np/categories/400677" data-el="home_decoration">자수/십자수</a>
                                            </li>
                                            <li><a href="/np/categories/400703" data-el="home_decoration">가죽공예</a></li>
                                            <li><a href="/np/categories/400748" data-el="home_decoration">퀼트</a></li>
                                            <li class="mc"><a href="/np/categories/400812">더보기</a></li>
                                        </ul>
                                    </li>
                                    <li><a href="/np/categories/417542" data-el="home_decoration">홈데코<i class="si"></i></a>
                                        <ul class="tdl">
                                            <li><a href="/np/categories/417543" data-el="home_decoration">캔들/캔들홀더</a>
                                            </li>
                                            <li><a href="/np/categories/417572" data-el="home_decoration">디퓨저/방향제</a>
                                            </li>
                                            <li><a href="/np/categories/417607" data-el="home_decoration">화병/화분</a></li>
                                            <li><a href="/np/categories/417615" data-el="home_decoration">조화/드라이플라워</a>
                                            </li>
                                            <li><a href="/np/categories/417622" data-el="home_decoration">홈데코 소품</a>
                                            </li>
                                            <li><a href="/np/categories/417644" data-el="home_decoration">시계</a></li>
                                            <li><a href="/np/categories/417650" data-el="home_decoration">거울</a></li>
                                            <li><a href="/np/categories/417656" data-el="home_decoration">액자</a></li>
                                            <li><a href="/np/categories/417657" data-el="home_decoration">그림/사진</a></li>
                                            <li><a href="/np/categories/417663" data-el="home_decoration">시트지/스티커</a>
                                            </li>
                                            <li><a href="/np/campaigns/1648" data-el="home_decoration">조명/스탠드</a></li>
                                            <li><a href="/np/campaigns/1650" data-el="home_decoration">러그/카페트</a></li>
                                            <li><a href="/np/campaigns/1652" data-el="home_decoration">쿠션/방석</a></li>
                                            <li class="mc"><a href="/np/campaigns/1654">더보기</a></li>
                                        </ul>
                                    </li>
                                    <li><a href="/np/categories/407567" data-el="home_decoration">조명/스탠드<i
                                            class="si"></i></a>
                                        <ul class="tdl">
                                            <li><a href="/np/categories/407569" data-el="home_decoration">장스탠드</a></li>
                                            <li><a href="/np/categories/407570" data-el="home_decoration">단스탠드</a></li>
                                            <li><a href="/np/categories/407571" data-el="home_decoration">무드등</a></li>
                                            <li><a href="/np/categories/407572" data-el="home_decoration">줄조명</a></li>
                                            <li><a href="/np/categories/407573" data-el="home_decoration">학생스탠드</a></li>
                                            <li><a href="/np/categories/407574" data-el="home_decoration">북라이트</a></li>
                                            <li><a href="/np/categories/407575" data-el="home_decoration">LED캔들</a></li>
                                            <li><a href="/np/categories/407576" data-el="home_decoration">천장등/벽등</a>
                                            </li>
                                            <li><a href="/np/categories/407583" data-el="home_decoration">전구/형광등</a>
                                            </li>
                                            <li><a href="/np/categories/445241" data-el="home_decoration">네온사인</a></li>
                                            <li><a href="/np/categories/445242" data-el="home_decoration">퍽라이트</a></li>
                                        </ul>
                                    </li>
                                    <li><a href="/np/categories/384621" data-el="home_decoration">원예/가드닝<i
                                            class="si"></i></a>
                                        <ul class="tdl">
                                            <li><a href="/np/categories/418920" data-el="home_decoration">꽃다발/꽃선물</a>
                                            </li>
                                            <li><a href="/np/categories/384622" data-el="home_decoration">다육이/선인장</a>
                                            </li>
                                            <li><a href="/np/categories/384625" data-el="home_decoration">식물/나무</a></li>
                                            <li><a href="/np/categories/384644" data-el="home_decoration">조화/비누꽃</a>
                                            </li>
                                            <li><a href="/np/categories/384656" data-el="home_decoration">드라이플라워</a>
                                            </li>
                                            <li><a href="/np/categories/384660" data-el="home_decoration">화분/화병</a></li>
                                            <li><a href="/np/categories/384669" data-el="home_decoration">씨앗/텃밭세트</a>
                                            </li>
                                            <li><a href="/np/categories/384682" data-el="home_decoration">숯화분/석부작</a>
                                            </li>
                                            <li><a href="/np/categories/384685" data-el="home_decoration">흙/영양제/살충</a>
                                            </li>
                                            <li><a href="/np/categories/384693" data-el="home_decoration">원예도구</a></li>
                                            <li><a href="/np/categories/384702" data-el="home_decoration">야외가구/소품</a>
                                            </li>
                                            <li><a href="/np/categories/384715" data-el="home_decoration">잔디/농기구</a>
                                            </li>
                                        </ul>
                                    </li>
                                    <li><a href="/np/categories/280701" data-el="home_decoration">셀프인테리어<i
                                            class="si"></i></a>
                                        <ul class="tdl">
                                            <li><a href="/np/categories/280743" data-el="home_decoration">벽지/도배용품</a>
                                            </li>
                                            <li><a href="/np/categories/280702" data-el="home_decoration">페인트/핸디코트</a>
                                            </li>
                                            <li><a href="/np/categories/280728" data-el="home_decoration">장판/바닥재</a>
                                            </li>
                                            <li><a href="/np/categories/280757" data-el="home_decoration">시트지/스티커</a>
                                            </li>
                                            <li><a href="/np/categories/280770" data-el="home_decoration">폼블럭/타일/벽돌</a>
                                            </li>
                                            <li><a href="/np/categories/280779" data-el="home_decoration">조명인테리어</a>
                                            </li>
                                            <li><a href="/np/categories/280800" data-el="home_decoration">보수용품</a></li>
                                            <li><a href="/np/categories/280808" data-el="home_decoration">공구/자재</a></li>
                                            <li><a href="/np/categories/280824" data-el="home_decoration">인테리어소품</a>
                                            </li>
                                            <li><a href="/np/categories/280856" data-el="home_decoration">인테리어도서</a>
                                            </li>
                                            <li><a href="/np/categories/509364" data-el="home_decoration">건전지/멀티탭</a>
                                            </li>
                                        </ul>
                                    </li>
                                    <li><a href="/np/categories/510113" data-el="home_decoration">공구/철물/DIY<i
                                            class="si"></i></a>
                                        <ul class="tdl">
                                            <li><a href="/np/categories/510114" data-el="home_decoration">전동/정밀공구</a>
                                            </li>
                                            <li><a href="/np/categories/510126" data-el="home_decoration">수공구/절단도구</a>
                                            </li>
                                            <li><a href="/np/categories/510142" data-el="home_decoration">공구함</a></li>
                                            <li><a href="/np/categories/510143" data-el="home_decoration">측정/측량도구</a>
                                            </li>
                                            <li><a href="/np/categories/510155" data-el="home_decoration">배관/건축자재</a>
                                            </li>
                                            <li><a href="/np/categories/510179" data-el="home_decoration">사다리/운반용품</a>
                                            </li>
                                            <li><a href="/np/categories/510184" data-el="home_decoration">모터/에어공구</a>
                                            </li>
                                            <li><a href="/np/categories/510193" data-el="home_decoration">나사/못/체결도구</a>
                                            </li>
                                            <li><a href="/np/categories/510203" data-el="home_decoration">접착/보수용품</a>
                                            </li>
                                            <li><a href="/np/categories/510216" data-el="home_decoration">토치/용접공구</a>
                                            </li>
                                            <li><a href="/np/categories/510222" data-el="home_decoration">페인트/도구</a>
                                            </li>
                                        </ul>
                                    </li>
                                    <li><a href="/np/categories/510083" data-el="home_decoration">생활전기용품<i
                                            class="si"></i></a>
                                        <ul class="tdl">
                                            <li><a href="/np/categories/510084" data-el="home_decoration">멀티탭/연장선</a>
                                            </li>
                                            <li><a href="/np/categories/510089" data-el="home_decoration">전구/램프</a></li>
                                            <li><a href="/np/categories/510096" data-el="home_decoration">조명기구/부속</a>
                                            </li>
                                            <li><a href="/np/categories/510106" data-el="home_decoration">건전지/배터리</a>
                                            </li>
                                        </ul>
                                    </li>
                                    <li class="mc"><a href="/np/categories/510239">더보기</a></li>
                                </ul>
                                <span class="gnb-banner" style="background:#FFF" data-sentry-component="Banner"
                                      data-sentry-source-file="Banner.tsx"><a
                                        href="https://www.coupang.com/np/campaigns/6733" title="로켓설치 가구(상시)"
                                        data-el="home_decoration">홈인테리어</a><img loading="lazy" alt="로켓설치 가구(상시)"
                                                                                src="https://image9.coupangcdn.com/image/displayitem/displayitem_430b165e-91e3-45e2-a7d1-1e70c3b5d0a1.jpg"/></span>
                            </div>
                        </li>
                        <li class="appliances-digital wa-category-icon" data-sentry-component="ThirdDepthGnb"
                            data-sentry-source-file="ThirdDepthGnb.tsx"><a href="/np/categories/178255"
                                                                           data-el="digital">가전디지털<i class="si"></i></a>
                            <div class="depth">
                                <ul class="sdl">
                                    <li><a href="/np/categories/178454" data-el="digital">TV/영상가전<i class="si"></i></a>
                                        <ul class="tdl">
                                            <li><a href="/np/categories/178456" data-el="digital">TV</a></li>
                                            <li><a href="/np/categories/509601" data-el="digital">미러링/스트리밍</a></li>
                                            <li><a href="/np/categories/178462" data-el="digital">TV 액세서리</a></li>
                                            <li><a href="/np/categories/178475" data-el="digital">블루레이/DVD/DivX</a></li>
                                            <li><a href="/np/categories/178481" data-el="digital">빔/프로젝터/스크린</a></li>
                                        </ul>
                                    </li>
                                    <li><a href="/np/categories/403245" data-el="digital">냉장고<i class="si"></i></a>
                                        <ul class="tdl">
                                            <li><a href="/np/categories/403246" data-el="digital">3/4도어냉장고</a></li>
                                            <li><a href="/np/categories/403247" data-el="digital">2도어 냉장고</a></li>
                                            <li><a href="/np/categories/403248" data-el="digital">1도어 냉장고</a></li>
                                            <li><a href="/np/categories/403249" data-el="digital">미니냉장고</a></li>
                                            <li><a href="/np/categories/403250" data-el="digital">김치냉장고</a></li>
                                            <li><a href="/np/categories/403251" data-el="digital">냉동고</a></li>
                                            <li><a href="/np/categories/403252" data-el="digital">전용냉장고</a></li>
                                        </ul>
                                    </li>
                                    <li><a href="/np/categories/486733" data-el="digital">세탁기/건조기<i class="si"></i></a>
                                        <ul class="tdl">
                                            <li><a href="/np/categories/509624" data-el="digital">세탁기건조기세트</a></li>
                                            <li><a href="/np/categories/486734" data-el="digital">세탁기</a></li>
                                            <li><a href="/np/categories/486735" data-el="digital">건조기</a></li>
                                            <li><a href="/np/categories/486736" data-el="digital">의류관리기</a></li>
                                            <li><a href="/np/categories/486737" data-el="digital">신발건조기</a></li>
                                            <li><a href="/np/categories/486738" data-el="digital">탈수기</a></li>
                                            <li><a href="/np/categories/486739" data-el="digital">액세서리</a></li>
                                        </ul>
                                    </li>
                                    <li><a href="/np/categories/178627" data-el="digital">생활가전<i class="si"></i></a>
                                        <ul class="tdl">
                                            <li><a href="/np/categories/178663" data-el="digital">공기청정기</a></li>
                                            <li><a href="/np/categories/178658" data-el="digital">다리미/재봉/보풀</a></li>
                                            <li><a href="/np/categories/178667" data-el="digital">도어록/비디오폰</a></li>
                                            <li><a href="/np/categories/178673" data-el="digital">비데/온수기</a></li>
                                            <li><a href="/np/categories/178685" data-el="digital">전동칫솔/살균기</a></li>
                                            <li><a href="/np/categories/178702" data-el="digital">학습용 스탠드</a></li>
                                            <li><a href="/np/categories/178703" data-el="digital">전화기/무전기</a></li>
                                        </ul>
                                    </li>
                                    <li><a href="/np/categories/413352" data-el="digital">청소기<i class="si"></i></a>
                                        <ul class="tdl">
                                            <li><a href="/np/campaigns/17009" data-el="digital">먼지비움청소기</a></li>
                                            <li><a href="/np/categories/413353" data-el="digital">스틱청소기</a></li>
                                            <li><a href="/np/categories/413354" data-el="digital">진공청소기</a></li>
                                            <li><a href="/np/categories/413355" data-el="digital">로봇청소기</a></li>
                                            <li><a href="/np/categories/413356" data-el="digital">물걸레청소기</a></li>
                                            <li><a href="/np/categories/413357" data-el="digital">침구청소기</a></li>
                                            <li><a href="/np/categories/413358" data-el="digital">핸디청소기</a></li>
                                            <li><a href="/np/categories/413359" data-el="digital">스팀청소기</a></li>
                                            <li><a href="/np/categories/413360" data-el="digital">차량용청소기</a></li>
                                            <li><a href="/np/categories/413361" data-el="digital">업소용청소기</a></li>
                                            <li><a href="/np/categories/413362" data-el="digital">필터/액세서리</a></li>
                                        </ul>
                                    </li>
                                    <li><a href="/np/categories/227812" data-el="digital">계절가전<i class="si"></i></a>
                                        <ul class="tdl">
                                            <li><a href="/np/categories/238887" data-el="digital">공기청정기</a></li>
                                            <li><a href="/np/categories/388046" data-el="digital">선풍기</a></li>
                                            <li><a href="/np/categories/227820" data-el="digital">에어컨</a></li>
                                            <li><a href="/np/categories/238886" data-el="digital">제습기</a></li>
                                            <li><a href="/np/categories/306335" data-el="digital">서큘레이터</a></li>
                                            <li><a href="/np/categories/388055" data-el="digital">냉풍기</a></li>
                                            <li><a href="/np/categories/227847" data-el="digital">건조기/탈수기</a></li>
                                            <li><a href="/np/categories/227853" data-el="digital">모기/해충 퇴치기</a></li>
                                            <li><a href="/np/categories/247567" data-el="digital">가습기/에어워셔</a></li>
                                            <li><a href="/np/categories/247548" data-el="digital">전기요/매트</a></li>
                                            <li><a href="/np/categories/228864" data-el="digital">냉온수매트</a></li>
                                            <li><a href="/np/categories/247553" data-el="digital">히터/온풍기</a></li>
                                            <li><a href="/np/categories/247564" data-el="digital">손난로/발난로</a></li>
                                        </ul>
                                    </li>
                                    <li><a href="/np/categories/333478" data-el="digital">뷰티/헤어가전<i class="si"></i></a>
                                        <ul class="tdl">
                                            <li><a href="/np/categories/486670" data-el="digital">헤어드라이어</a></li>
                                            <li><a href="/np/categories/486673" data-el="digital">고데기/매직기</a></li>
                                            <li><a href="/np/categories/333479" data-el="digital">헤어스타일러</a></li>
                                            <li><a href="/np/categories/333492" data-el="digital">두피/헤어관리</a></li>
                                            <li><a href="/np/categories/333496" data-el="digital">피부관리기기</a></li>
                                            <li><a href="/np/categories/333519" data-el="digital">면도기/이발기</a></li>
                                            <li><a href="/np/categories/333522" data-el="digital">제모기</a></li>
                                            <li><a href="/np/categories/333527" data-el="digital">눈썹/네일관리</a></li>
                                        </ul>
                                    </li>
                                    <li><a href="/np/categories/178713" data-el="digital">건강가전<i class="si"></i></a>
                                        <ul class="tdl">
                                            <li><a href="/np/categories/509621" data-el="digital">안마의자</a></li>
                                            <li><a href="/np/categories/178715" data-el="digital">안마/찜질기</a></li>
                                            <li><a href="/np/categories/178722" data-el="digital">전동칫솔/구강가전</a></li>
                                            <li><a href="/np/categories/178739" data-el="digital">비데</a></li>
                                            <li><a href="/np/categories/178744" data-el="digital">건강측정/의료기</a></li>
                                            <li><a href="/np/categories/466380" data-el="digital">살균/소독기</a></li>
                                            <li><a href="/np/categories/178751" data-el="digital">손건조기/소독기</a></li>
                                        </ul>
                                    </li>
                                    <li><a href="/np/categories/445736" data-el="digital">주방가전<i class="si"></i></a>
                                        <ul class="tdl">
                                            <li><a href="/np/categories/445737" data-el="digital">전기밥솥</a></li>
                                            <li><a href="/np/categories/445743" data-el="digital">전자레인지</a></li>
                                            <li><a href="/np/categories/445744" data-el="digital">오븐</a></li>
                                            <li><a href="/np/categories/445747" data-el="digital">가스레인지</a></li>
                                            <li><a href="/np/categories/445748" data-el="digital">전기레인지</a></li>
                                            <li><a href="/np/categories/445753" data-el="digital">식기세척/건조기</a></li>
                                            <li><a href="/np/categories/445758" data-el="digital">믹서기/블렌더</a></li>
                                            <li><a href="/np/categories/445770" data-el="digital">커피메이커/머신</a></li>
                                            <li><a href="/np/categories/445779" data-el="digital">빙수기/제빙기</a></li>
                                            <li><a href="/np/categories/445784" data-el="digital">전기포트</a></li>
                                            <li><a href="/np/categories/510536" data-el="digital">에어프라이어</a></li>
                                            <li><a href="/np/categories/465013" data-el="digital">튀김기</a></li>
                                            <li><a href="/np/categories/445793" data-el="digital">토스터</a></li>
                                            <li class="mc"><a href="/np/categories/445796">더보기</a></li>
                                        </ul>
                                    </li>
                                    <li><a href="/np/categories/497135" data-el="digital">노트북</a></li>
                                    <li><a href="/np/categories/497136" data-el="digital">데스크탑<i class="si"></i></a>
                                        <ul class="tdl">
                                            <li><a href="/np/categories/497137" data-el="digital">브랜드PC</a></li>
                                            <li><a href="/np/categories/497138" data-el="digital">일체형PC</a></li>
                                            <li><a href="/np/categories/497139" data-el="digital">조립PC</a></li>
                                            <li><a href="/np/categories/497140" data-el="digital">미니PC</a></li>
                                        </ul>
                                    </li>
                                    <li><a href="/np/categories/510541" data-el="digital">모니터<i class="si"></i></a>
                                        <ul class="tdl">
                                            <li><a href="/np/categories/510542" data-el="digital">일반 모니터</a></li>
                                            <li><a href="/np/campaigns/19498" data-el="digital">휴대용 모니터</a></li>
                                            <li><a href="/np/campaigns/19500" data-el="digital">스마트 모니터</a></li>
                                            <li><a href="/np/campaigns/19496" data-el="digital">게이밍 모니터</a></li>
                                        </ul>
                                    </li>
                                    <li><a href="/np/categories/497244" data-el="digital">휴대폰</a></li>
                                    <li><a href="/np/categories/497245" data-el="digital">태블릿PC<i class="si"></i></a>
                                        <ul class="tdl">
                                            <li><a href="/np/categories/497246" data-el="digital">태블릿PC</a></li>
                                            <li><a href="/np/categories/497247" data-el="digital">액세서리</a></li>
                                        </ul>
                                    </li>
                                    <li><a href="/np/categories/497252" data-el="digital">스마트워치/밴드<i class="si"></i></a>
                                        <ul class="tdl">
                                            <li><a href="/np/categories/497253" data-el="digital">스마트워치</a></li>
                                            <li><a href="/np/categories/497254" data-el="digital">스마트밴드</a></li>
                                            <li><a href="/np/categories/565335" data-el="digital">스마트링</a></li>
                                            <li><a href="/np/categories/503019" data-el="digital">액세서리</a></li>
                                        </ul>
                                    </li>
                                    <li><a href="/np/categories/395267" data-el="digital">게임<i class="si"></i></a>
                                        <ul class="tdl">
                                            <li><a href="/np/campaigns/1366" data-el="digital">게이밍노트북</a></li>
                                            <li><a href="/np/campaigns/1596" data-el="digital">게이밍데스크탑</a></li>
                                            <li><a href="/np/campaigns/1391" data-el="digital">게이밍모니터</a></li>
                                            <li><a href="/np/categories/395274" data-el="digital">마우스/키보드/헤드셋</a></li>
                                            <li><a href="/np/categories/395288" data-el="digital">그래픽카드/메인보드</a></li>
                                            <li><a href="/np/categories/395291" data-el="digital">PC타이틀/주변기기</a></li>
                                            <li><a href="/np/categories/395299" data-el="digital">플레이스테이션</a></li>
                                            <li><a href="/np/categories/395306" data-el="digital">닌텐도</a></li>
                                            <li><a href="/np/categories/395311" data-el="digital">XBOX</a></li>
                                            <li><a href="/np/categories/395322" data-el="digital">레트로/기타게임</a></li>
                                            <li><a href="/np/categories/395326" data-el="digital">휴대폰게임</a></li>
                                        </ul>
                                    </li>
                                    <li class="mc"><a href="/np/categories/497142">더보기</a></li>
                                </ul>
                                <span class="gnb-banner" style="background:#FFF" data-sentry-component="Banner"
                                      data-sentry-source-file="Banner.tsx"><a
                                        href="https://www.coupang.com/np/siteWideEvent?mlpPageId=1413" title="가전디지털"
                                        data-el="digital">가전디지털</a><img loading="lazy" alt="가전디지털"
                                                                        src="https://image10.coupangcdn.com/image/displayitem/displayitem_5e88947c-4469-493e-8b4e-efad6c8531a6.png"/></span>
                            </div>
                        </li>
                        <li class="sports wa-category-icon" data-sentry-component="ThirdDepthGnb"
                            data-sentry-source-file="ThirdDepthGnb.tsx"><a href="/np/categories/317778"
                                                                           data-el="sports">스포츠/레저<i class="si"></i></a>
                            <div class="depth">
                                <ul class="sdl">
                                    <li><a href="/np/categories/328790" data-el="sports">캠핑전문관<i class="si"></i></a>
                                        <ul class="tdl">
                                            <li><a href="/np/campaigns/350" data-el="sports">백패킹</a></li>
                                            <li><a href="/np/campaigns/348" data-el="sports">미니멀캠핑</a></li>
                                            <li><a href="/np/campaigns/351" data-el="sports">오토캠핑</a></li>
                                            <li><a href="/np/campaigns/349" data-el="sports">먹거리</a></li>
                                            <li><a href="/np/categories/328791" data-el="sports">텐트</a></li>
                                            <li><a href="/np/categories/328798" data-el="sports">타프/그늘막</a></li>
                                            <li><a href="/np/categories/328807" data-el="sports">텐트/타프 부품</a></li>
                                            <li><a href="/np/categories/328821" data-el="sports">의자/테이블</a></li>
                                            <li><a href="/np/categories/328828" data-el="sports">침낭/매트/해먹</a></li>
                                            <li><a href="/np/categories/328860" data-el="sports">캠핑주방용품</a></li>
                                            <li><a href="/np/categories/328852" data-el="sports">수납/정리소품</a></li>
                                            <li><a href="/np/categories/328846" data-el="sports">랜턴/조명</a></li>
                                            <li><a href="/np/categories/328907" data-el="sports">캠핑공구</a></li>
                                            <li class="mc"><a href="/np/categories/328917">더보기</a></li>
                                        </ul>
                                    </li>
                                    <li><a href="/np/categories/413812" data-el="sports">홈트레이닝<i class="si"></i></a>
                                        <ul class="tdl">
                                            <li><a href="/np/categories/413813" data-el="sports">스트레칭/마사지</a></li>
                                            <li><a href="/np/categories/413821" data-el="sports">유산소</a></li>
                                            <li><a href="/np/categories/413828" data-el="sports">근력</a></li>
                                            <li><a href="/np/categories/413837" data-el="sports">보호대/체중계</a></li>
                                        </ul>
                                    </li>
                                    <li><a href="/np/categories/329225" data-el="sports">헬스/요가/댄스<i class="si"></i></a>
                                        <ul class="tdl">
                                            <li><a href="/np/categories/329226" data-el="sports">요가/필라테스</a></li>
                                            <li><a href="/np/categories/329240" data-el="sports">요가복</a></li>
                                            <li><a href="/np/categories/329251" data-el="sports">근력운동</a></li>
                                            <li><a href="/np/categories/329279" data-el="sports">유산소운동</a></li>
                                            <li><a href="/np/categories/329294" data-el="sports">스트레칭/균형</a></li>
                                            <li><a href="/np/categories/329302" data-el="sports">댄스/에어로빅</a></li>
                                            <li><a href="/np/categories/329323" data-el="sports">헬스소품/보호대</a></li>
                                            <li><a href="/np/categories/329334" data-el="sports">운동측정용품</a></li>
                                            <li><a href="/np/categories/376475" data-el="sports">부위별 운동용품</a></li>
                                            <li><a href="/np/categories/427699" data-el="sports">헬스보충식품</a></li>
                                        </ul>
                                    </li>
                                    <li><a href="/np/categories/421032" data-el="sports">수영/수상스포츠<i class="si"></i></a>
                                        <ul class="tdl">
                                            <li><a href="/np/categories/421033" data-el="sports">실내 수영복</a></li>
                                            <li><a href="/np/categories/421045" data-el="sports">비치웨어/래쉬가드</a></li>
                                            <li><a href="/np/categories/421070" data-el="sports">수영용품</a></li>
                                            <li><a href="/np/categories/421087" data-el="sports">물놀이용품</a></li>
                                            <li><a href="/np/categories/421110" data-el="sports">아쿠아슈즈</a></li>
                                            <li><a href="/np/categories/421113" data-el="sports">스노클링/다이빙</a></li>
                                            <li><a href="/np/categories/421136" data-el="sports">서핑/수상스키</a></li>
                                            <li><a href="/np/categories/421143" data-el="sports">고무보트/카누</a></li>
                                        </ul>
                                    </li>
                                    <li><a href="/np/categories/329515" data-el="sports">구기스포츠<i class="si"></i></a>
                                        <ul class="tdl">
                                            <li><a href="/np/categories/329516" data-el="sports">축구</a></li>
                                            <li><a href="/np/categories/329546" data-el="sports">야구</a></li>
                                            <li><a href="/np/categories/329582" data-el="sports">농구</a></li>
                                            <li><a href="/np/categories/329597" data-el="sports">배구/피구/족구</a></li>
                                            <li><a href="/np/categories/329614" data-el="sports">볼링</a></li>
                                            <li><a href="/np/categories/329625" data-el="sports">당구/포켓볼</a></li>
                                            <li><a href="/np/categories/329690" data-el="sports">기타 구기스포츠</a></li>
                                            <li><a href="/np/categories/405207" data-el="sports">훈련/연습용품</a></li>
                                            <li><a href="/np/categories/329712" data-el="sports">심판의류/용품</a></li>
                                        </ul>
                                    </li>
                                    <li><a href="/np/categories/400957" data-el="sports">라켓스포츠<i class="si"></i></a>
                                        <ul class="tdl">
                                            <li><a href="/np/categories/400958" data-el="sports">배드민턴</a></li>
                                            <li><a href="/np/categories/400971" data-el="sports">테니스</a></li>
                                            <li><a href="/np/categories/400989" data-el="sports">스쿼시</a></li>
                                            <li><a href="/np/categories/400996" data-el="sports">탁구</a></li>
                                            <li><a href="/np/categories/401013" data-el="sports">기타 라켓스포츠</a></li>
                                            <li><a href="/np/categories/401014" data-el="sports">훈련/연습용품</a></li>
                                            <li><a href="/np/categories/401018" data-el="sports">심판의류/용품</a></li>
                                        </ul>
                                    </li>
                                    <li><a href="/np/categories/329040" data-el="sports">자전거<i class="si"></i></a>
                                        <ul class="tdl">
                                            <li><a href="/np/categories/396896" data-el="sports">자전거</a></li>
                                            <li><a href="/np/categories/329058" data-el="sports">보호장비</a></li>
                                            <li><a href="/np/categories/329063" data-el="sports">자전거 악세서리</a></li>
                                            <li><a href="/np/categories/329132" data-el="sports">자전거부품</a></li>
                                            <li><a href="/np/categories/396912" data-el="sports">자전거의류</a></li>
                                            <li><a href="/np/categories/329122" data-el="sports">자전거장갑/잡화</a></li>
                                            <li><a href="/np/categories/329111" data-el="sports">자전거가방/수납</a></li>
                                            <li><a href="/np/categories/329105" data-el="sports">자전거신발</a></li>
                                            <li><a href="/np/categories/329183" data-el="sports">정비용품</a></li>
                                            <li><a href="/np/categories/329176" data-el="sports">거치대/트레이너</a></li>
                                        </ul>
                                    </li>
                                    <li><a href="/np/categories/329189" data-el="sports">킥보드/스케이트<i class="si"></i></a>
                                        <ul class="tdl">
                                            <li><a href="/np/categories/329190" data-el="sports">킥보드/트라이더</a></li>
                                            <li><a href="/np/categories/329198" data-el="sports">전동휠/보드</a></li>
                                            <li><a href="/np/categories/329202" data-el="sports">스케이트보드</a></li>
                                            <li><a href="/np/categories/329215" data-el="sports">인라인스케이트</a></li>
                                            <li><a href="/np/categories/329222" data-el="sports">보호장비</a></li>
                                        </ul>
                                    </li>
                                    <li><a href="/np/categories/431783" data-el="sports">등산/아웃도어<i class="si"></i></a>
                                        <ul class="tdl">
                                            <li><a href="/np/categories/431784" data-el="sports">남성등산의류</a></li>
                                            <li><a href="/np/categories/431794" data-el="sports">여성등산의류</a></li>
                                            <li><a href="/np/categories/431806" data-el="sports">유아동등산의류</a></li>
                                            <li><a href="/np/categories/431811" data-el="sports">등산배낭/소품</a></li>
                                            <li><a href="/np/categories/431821" data-el="sports">등산스틱</a></li>
                                            <li><a href="/np/categories/431823" data-el="sports">등산화/아이젠</a></li>
                                            <li><a href="/np/categories/431920" data-el="sports">등산모자/잡화</a></li>
                                            <li><a href="/np/categories/431848" data-el="sports">등산용품/랜턴</a></li>
                                            <li><a href="/np/categories/431861" data-el="sports">나침반/망원경</a></li>
                                            <li><a href="/np/categories/431865" data-el="sports">암벽/등반 장비</a></li>
                                            <li><a href="/np/categories/431886" data-el="sports">빙벽/겨울용품</a></li>
                                        </ul>
                                    </li>
                                    <li><a href="/np/categories/329372" data-el="sports">낚시<i class="si"></i></a>
                                        <ul class="tdl">
                                            <li><a href="/np/categories/329373" data-el="sports">바다낚시</a></li>
                                            <li><a href="/np/categories/329399" data-el="sports">민물낚시</a></li>
                                            <li><a href="/np/categories/329425" data-el="sports">낚싯대</a></li>
                                            <li><a href="/np/categories/329434" data-el="sports">낚시릴</a></li>
                                            <li><a href="/np/categories/329444" data-el="sports">줄/바늘/채비</a></li>
                                            <li><a href="/np/categories/329455" data-el="sports">미끼/떡밥/루어</a></li>
                                            <li><a href="/np/categories/329463" data-el="sports">낚시 가방/잡화</a></li>
                                            <li><a href="/np/categories/329472" data-el="sports">낚시복/장화</a></li>
                                            <li><a href="/np/categories/329478" data-el="sports">낚시장비/그물</a></li>
                                            <li><a href="/np/categories/329494" data-el="sports">낚시공구/소품</a></li>
                                            <li><a href="/np/categories/329508" data-el="sports">좌대/야외용품</a></li>
                                        </ul>
                                    </li>
                                    <li><a href="/np/categories/328930" data-el="sports">골프<i class="si"></i></a>
                                        <ul class="tdl">
                                            <li><a href="/np/categories/328931" data-el="sports">골프클럽</a></li>
                                            <li><a href="/np/categories/328946" data-el="sports">골프백</a></li>
                                            <li><a href="/np/categories/328940" data-el="sports">피팅/관리용품</a></li>
                                            <li><a href="/np/categories/429690" data-el="sports">골프웨어</a></li>
                                            <li><a href="/np/categories/328995" data-el="sports">골프장갑/잡화</a></li>
                                            <li><a href="/np/categories/328990" data-el="sports">골프화</a></li>
                                            <li><a href="/np/categories/329012" data-el="sports">골프공</a></li>
                                            <li><a href="/np/categories/329013" data-el="sports">필드용품</a></li>
                                            <li><a href="/np/categories/329028" data-el="sports">연습용품</a></li>
                                        </ul>
                                    </li>
                                    <li><a href="/np/categories/328637" data-el="sports">스포츠잡화<i class="si"></i></a>
                                        <ul class="tdl">
                                            <li><a href="/np/categories/328638" data-el="sports">가방/파우치</a></li>
                                            <li><a href="/np/categories/328646" data-el="sports">모자</a></li>
                                            <li><a href="/np/categories/328647" data-el="sports">고글/선글라스</a></li>
                                            <li><a href="/np/categories/328648" data-el="sports">장갑</a></li>
                                            <li><a href="/np/categories/328649" data-el="sports">양말/타이즈</a></li>
                                            <li><a href="/np/categories/328650" data-el="sports">팔토시/워머</a></li>
                                            <li><a href="/np/categories/328651" data-el="sports">스카프/넥워머</a></li>
                                            <li><a href="/np/categories/328655" data-el="sports">보호대/아대</a></li>
                                            <li><a href="/np/categories/328658" data-el="sports">시계</a></li>
                                            <li><a href="/np/categories/328659" data-el="sports">벨트</a></li>
                                            <li><a href="/np/categories/328660" data-el="sports">안전밴드</a></li>
                                            <li><a href="/np/categories/328661" data-el="sports">액세서리 기타</a></li>
                                        </ul>
                                    </li>
                                    <li><a href="/np/categories/329726" data-el="sports">복싱/검도/태권도<i class="si"></i></a>
                                        <ul class="tdl">
                                            <li><a href="/np/categories/329741" data-el="sports">복싱/격투기</a></li>
                                            <li><a href="/np/categories/329727" data-el="sports">검도</a></li>
                                            <li><a href="/np/categories/329734" data-el="sports">태권도</a></li>
                                            <li><a href="/np/categories/329752" data-el="sports">쌍절곤/기타무술</a></li>
                                        </ul>
                                    </li>
                                    <li><a href="/np/categories/328601" data-el="sports">스포츠신발<i class="si"></i></a>
                                        <ul class="tdl">
                                            <li><a href="/np/categories/328602" data-el="sports">런닝화/운동화</a></li>
                                            <li><a href="/np/categories/328605" data-el="sports">샌들/슬리퍼</a></li>
                                            <li><a href="/np/categories/328608" data-el="sports">아쿠아슈즈</a></li>
                                            <li><a href="/np/categories/328609" data-el="sports">등산화</a></li>
                                            <li><a href="/np/categories/328615" data-el="sports">골프화</a></li>
                                            <li><a href="/np/categories/328616" data-el="sports">축구화</a></li>
                                            <li><a href="/np/categories/328617" data-el="sports">야구화</a></li>
                                            <li><a href="/np/categories/328618" data-el="sports">농구화</a></li>
                                            <li><a href="/np/categories/328619" data-el="sports">배구화</a></li>
                                            <li><a href="/np/categories/328620" data-el="sports">족구화</a></li>
                                            <li><a href="/np/categories/328621" data-el="sports">볼링화</a></li>
                                            <li><a href="/np/categories/328622" data-el="sports">배드민턴화</a></li>
                                            <li><a href="/np/categories/328623" data-el="sports">테니스화</a></li>
                                            <li class="mc"><a href="/np/categories/328624">더보기</a></li>
                                        </ul>
                                    </li>
                                    <li><a href="/np/categories/328339" data-el="sports">남성스포츠의류<i class="si"></i></a>
                                        <ul class="tdl">
                                            <li><a href="/np/categories/328340" data-el="sports">속옷/언더레이어</a></li>
                                            <li><a href="/np/categories/328343" data-el="sports">스포츠 티셔츠</a></li>
                                            <li><a href="/np/categories/328346" data-el="sports">스포츠 자켓/집업</a></li>
                                            <li><a href="/np/categories/328352" data-el="sports">스포츠 바지/하의</a></li>
                                            <li><a href="/np/categories/328355" data-el="sports">상하의 세트</a></li>
                                            <li><a href="/np/categories/328356" data-el="sports">골프의류</a></li>
                                            <li><a href="/np/categories/328365" data-el="sports">등산의류</a></li>
                                            <li><a href="/np/categories/328375" data-el="sports">자전거의류</a></li>
                                            <li><a href="/np/categories/328384" data-el="sports">수영복/래쉬가드</a></li>
                                            <li><a href="/np/categories/328393" data-el="sports">스키/보드복</a></li>
                                            <li><a href="/np/categories/328402" data-el="sports">축구복</a></li>
                                            <li><a href="/np/categories/328409" data-el="sports">야구복</a></li>
                                            <li><a href="/np/categories/328415" data-el="sports">배드민턴복</a></li>
                                            <li class="mc"><a href="/np/categories/328419">더보기</a></li>
                                        </ul>
                                    </li>
                                    <li><a href="/np/categories/328435" data-el="sports">여성스포츠의류<i class="si"></i></a>
                                        <ul class="tdl">
                                            <li><a href="/np/categories/328436" data-el="sports">속옷/언더레이어</a></li>
                                            <li><a href="/np/categories/328440" data-el="sports">스포츠 티셔츠</a></li>
                                            <li><a href="/np/categories/328443" data-el="sports">스포츠 자켓/집업</a></li>
                                            <li><a href="/np/categories/328449" data-el="sports">스포츠 바지/하의</a></li>
                                            <li><a href="/np/categories/328454" data-el="sports">상하의 세트</a></li>
                                            <li><a href="/np/categories/328455" data-el="sports">요가복</a></li>
                                            <li><a href="/np/categories/328463" data-el="sports">골프의류</a></li>
                                            <li><a href="/np/categories/328474" data-el="sports">등산의류</a></li>
                                            <li><a href="/np/categories/328486" data-el="sports">자전거의류</a></li>
                                            <li><a href="/np/categories/328495" data-el="sports">수영복/래쉬가드</a></li>
                                            <li><a href="/np/categories/328505" data-el="sports">스키/보드복</a></li>
                                            <li><a href="/np/categories/328514" data-el="sports">발레복</a></li>
                                            <li><a href="/np/categories/328515" data-el="sports">배드민턴</a></li>
                                            <li class="mc"><a href="/np/categories/328520">더보기</a></li>
                                        </ul>
                                    </li>
                                    <li class="mc"><a href="/np/categories/328542">더보기</a></li>
                                </ul>
                                <span class="gnb-banner" style="background:#FFF" data-sentry-component="Banner"
                                      data-sentry-source-file="Banner.tsx"><a
                                        href="https://www.coupang.com/np/siteWideEvent?mlpPageId=1408" title="스포츠/레저"
                                        data-el="sports">스포츠/레저</a><img loading="lazy" alt="스포츠/레저"
                                                                        src="https://image7.coupangcdn.com/image/displayitem/displayitem_943962fa-c78e-4bac-acfc-f770811ec11f.png"/></span>
                            </div>
                        </li>
                        <li class="car wa-category-icon" data-sentry-component="ThirdDepthGnb"
                            data-sentry-source-file="ThirdDepthGnb.tsx"><a href="/np/categories/184060" data-el="car">자동차용품<i
                                class="si"></i></a>
                            <div class="depth">
                                <ul class="sdl">
                                    <li><a href="/np/categories/401027" data-el="car">인테리어<i class="si"></i></a>
                                        <ul class="tdl">
                                            <li><a href="/np/categories/401028" data-el="car">방향제/공기청정</a></li>
                                            <li><a href="/np/categories/497870" data-el="car">바닥매트/트렁크매트</a></li>
                                            <li><a href="/np/categories/401035" data-el="car">시트/쿠션</a></li>
                                            <li><a href="/np/categories/497873" data-el="car">차박매트</a></li>
                                            <li><a href="/np/categories/401045" data-el="car">핸들용품</a></li>
                                            <li><a href="/np/categories/497877" data-el="car">커버/몰딩</a></li>
                                            <li><a href="/np/categories/401049" data-el="car">수납/정리용품</a></li>
                                            <li><a href="/np/categories/486490" data-el="car">편의용품/액세서리</a></li>
                                            <li><a href="/np/categories/503231" data-el="car">햇빛가리개/썬팅</a></li>
                                            <li><a href="/np/categories/564372" data-el="car">기어용품</a></li>
                                        </ul>
                                    </li>
                                    <li><a href="/np/categories/401098" data-el="car">익스테리어<i class="si"></i></a>
                                        <ul class="tdl">
                                            <li><a href="/np/categories/401103" data-el="car">스티커/앰블럼</a></li>
                                            <li><a href="/np/categories/401106" data-el="car">문콕방지/몰딩</a></li>
                                            <li><a href="/np/categories/401115" data-el="car">썬바이저</a></li>
                                            <li><a href="/np/categories/401123" data-el="car">번호판스티커/프레임</a></li>
                                            <li><a href="/np/categories/401120" data-el="car">안테나/볼</a></li>
                                            <li><a href="/np/categories/401117" data-el="car">루프/캐리어용품</a></li>
                                            <li><a href="/np/categories/503239" data-el="car">미러용품</a></li>
                                            <li><a href="/np/categories/503240" data-el="car">주유구캡/혼유방지링</a></li>
                                        </ul>
                                    </li>
                                    <li><a href="/np/categories/401394" data-el="car">세차/카케어<i class="si"></i></a>
                                        <ul class="tdl">
                                            <li><a href="/np/categories/401395" data-el="car">세차용품세트</a></li>
                                            <li><a href="/np/categories/401396" data-el="car">카샴푸/세정제</a></li>
                                            <li><a href="/np/categories/401401" data-el="car">타월/스펀지</a></li>
                                            <li><a href="/np/categories/401413" data-el="car">세차호스/거품분사기</a></li>
                                            <li><a href="/np/categories/401416" data-el="car">세차박스/스텝박스</a></li>
                                            <li><a href="/np/categories/401412" data-el="car">물왁스/퀵디테일러</a></li>
                                            <li><a href="/np/categories/401410" data-el="car">차량용청소기</a></li>
                                            <li><a href="/np/categories/401406" data-el="car">먼지털이개</a></li>
                                            <li><a href="/np/categories/503250" data-el="car">유리발수코팅제</a></li>
                                            <li><a href="/np/categories/503251" data-el="car">실내세정제</a></li>
                                            <li><a href="/np/categories/503252" data-el="car">흠집제거/복원</a></li>
                                            <li><a href="/np/categories/503260" data-el="car">광택</a></li>
                                            <li><a href="/np/categories/503267" data-el="car">바디커버</a></li>
                                            <li class="mc"><a href="/np/categories/497883">더보기</a></li>
                                        </ul>
                                    </li>
                                    <li><a href="/np/categories/401207" data-el="car">차량용 전자기기<i class="si"></i></a>
                                        <ul class="tdl">
                                            <li><a href="/np/categories/503299" data-el="car">HUD/계기판</a></li>
                                            <li><a href="/np/categories/497774" data-el="car">무선충전 거치대</a></li>
                                            <li><a href="/np/categories/497775" data-el="car">일반거치대</a></li>
                                            <li><a href="/np/categories/401212" data-el="car">차량용충전기</a></li>
                                            <li><a href="/np/categories/401225" data-el="car">멀티소켓</a></li>
                                            <li><a href="/np/categories/401214" data-el="car">블랙박스</a></li>
                                            <li><a href="/np/categories/401217" data-el="car">하이패스</a></li>
                                            <li><a href="/np/categories/401220" data-el="car">내비게이션</a></li>
                                            <li><a href="/np/categories/401226" data-el="car">후방카메라/감지기</a></li>
                                            <li><a href="/np/categories/401229" data-el="car">음향기기/AV</a></li>
                                            <li><a href="/np/categories/487217" data-el="car">차량용가전</a></li>
                                            <li><a href="/np/categories/510523" data-el="car">전기차 충전기/악세서리</a></li>
                                            <li><a href="/np/categories/564318" data-el="car">카플레이/안드로이드오토</a></li>
                                        </ul>
                                    </li>
                                    <li><a href="/np/categories/503300" data-el="car">RV/아웃도어<i class="si"></i></a>
                                        <ul class="tdl">
                                            <li><a href="/np/categories/503301" data-el="car">캠핑용품</a></li>
                                            <li><a href="/np/categories/503306" data-el="car">차박매트</a></li>
                                            <li><a href="/np/categories/503307" data-el="car">인버터/멀티소켓</a></li>
                                            <li><a href="/np/categories/503310" data-el="car">루프/캐리어용품</a></li>
                                        </ul>
                                    </li>
                                    <li><a href="/np/categories/486447" data-el="car">차량관리/소모품<i class="si"></i></a>
                                        <ul class="tdl">
                                            <li><a href="/np/categories/503246" data-el="car">와이퍼</a></li>
                                            <li><a href="/np/categories/486448" data-el="car">워셔액</a></li>
                                            <li><a href="/np/categories/486449" data-el="car">에어컨필터</a></li>
                                            <li><a href="/np/categories/497749" data-el="car">엔진오일</a></li>
                                            <li><a href="/np/categories/497753" data-el="car">첨가제</a></li>
                                            <li><a href="/np/categories/497759" data-el="car">냉각수/부동액</a></li>
                                            <li><a href="/np/categories/509507" data-el="car">요소수</a></li>
                                            <li><a href="/np/categories/509508" data-el="car">초순수/정제수</a></li>
                                            <li><a href="/np/categories/497767" data-el="car">기타 오일/필터</a></li>
                                            <li><a href="/np/categories/497760" data-el="car">점프스타터</a></li>
                                            <li><a href="/np/categories/497761" data-el="car">배터리용품</a></li>
                                            <li><a href="/np/categories/503268" data-el="car">타이어/휠</a></li>
                                            <li><a href="/np/categories/503284" data-el="car">스노우체인</a></li>
                                            <li class="mc"><a href="/np/categories/503290">더보기</a></li>
                                        </ul>
                                    </li>
                                    <li><a href="/np/categories/401438" data-el="car">오토바이용품<i class="si"></i></a>
                                        <ul class="tdl">
                                            <li><a href="/np/categories/401439" data-el="car">오토바이/스쿠터</a></li>
                                            <li><a href="/np/categories/401443" data-el="car">헬멧/고글</a></li>
                                            <li><a href="/np/categories/401447" data-el="car">오토바이의류</a></li>
                                            <li><a href="/np/categories/497791" data-el="car">오토바이장갑</a></li>
                                            <li><a href="/np/categories/497794" data-el="car">오토바이부츠/잡화</a></li>
                                            <li><a href="/np/categories/401462" data-el="car">오토바이보호장비</a></li>
                                            <li><a href="/np/categories/497799" data-el="car">배달가방/탑박스</a></li>
                                            <li><a href="/np/categories/503368" data-el="car">오토바이액세서리</a></li>
                                            <li><a href="/np/categories/401472" data-el="car">오토바이부품/튜닝/정비</a></li>
                                            <li><a href="/np/categories/401484" data-el="car">오토바이전자기기</a></li>
                                        </ul>
                                    </li>
                                    <li><a href="/np/categories/497290" data-el="car">부품/안전/공구<i class="si"></i></a>
                                        <ul class="tdl">
                                            <li><a href="/np/categories/497308" data-el="car">정전기방지용품</a></li>
                                            <li><a href="/np/categories/497309" data-el="car">안전삼각대/소화기</a></li>
                                            <li><a href="/np/categories/503314" data-el="car">방음재</a></li>
                                            <li><a href="/np/categories/503317" data-el="car">차량용리프트</a></li>
                                            <li><a href="/np/categories/503318" data-el="car">고임목/버팀목</a></li>
                                            <li><a href="/np/categories/503319" data-el="car">카본/레자시트지</a></li>
                                            <li><a href="/np/categories/503320" data-el="car">차량용접착제/테이프</a></li>
                                            <li><a href="/np/categories/503321" data-el="car">차량용공구/장비</a></li>
                                            <li><a href="/np/categories/503322" data-el="car">부품/튜닝용품</a></li>
                                            <li><a href="/np/categories/503364" data-el="car">전기용품</a></li>
                                        </ul>
                                    </li>
                                    <li><a href="/np/campaigns/10884" data-el="car">로켓설치 타이어</a></li>
                                </ul>
                                <span class="gnb-banner" style="background:#FFF" data-sentry-component="Banner"
                                      data-sentry-source-file="Banner.tsx"><a href="https://pages.coupang.com/p/146370"
                                                                              title="자동차용품" data-el="car">자동차용품</a><img
                                        loading="lazy" alt="자동차용품"
                                        src="https://image8.coupangcdn.com/image/displayitem/displayitem_8c668a01-e706-4c08-b06d-b44381a88de1.jpg"/></span>
                            </div>
                        </li>
                        <li class="book wa-category-icon" data-sentry-component="ThirdDepthGnb"
                            data-sentry-source-file="ThirdDepthGnb.tsx"><a href="/np/categories/317777" data-el="book">도서/음반/DVD<i
                                class="si"></i></a>
                            <div class="depth">
                                <ul class="sdl">
                                    <li><a href="/np/categories/329984" data-el="book">유아/어린이<i class="si"></i></a>
                                        <ul class="tdl">
                                            <li><a href="/np/categories/329985" data-el="book">그림책</a></li>
                                            <li><a href="/np/categories/329996" data-el="book">어린이 문학</a></li>
                                            <li><a href="/np/categories/330004" data-el="book">초점책/영아책</a></li>
                                            <li><a href="/np/categories/330008" data-el="book">놀이책/토이북</a></li>
                                            <li><a href="/np/categories/330019" data-el="book">학습/교양</a></li>
                                            <li><a href="/np/categories/330078" data-el="book">만화/애니메이션</a></li>
                                            <li><a href="/np/categories/330084" data-el="book">전집/세트</a></li>
                                            <li><a href="/np/categories/330099" data-el="book">어린이 잡지</a></li>
                                            <li><a href="/np/categories/365590" data-el="book">유아동 해외도서</a></li>
                                            <li><a href="/np/categories/365867" data-el="book">음반/DVD</a></li>
                                            <li><a href="/np/categories/371605" data-el="book">누리과정 주제</a></li>
                                            <li><a href="/np/categories/371611" data-el="book">교과서수록도서</a></li>
                                            <li><a href="/np/categories/374080" data-el="book">STEAM도서</a></li>
                                        </ul>
                                    </li>
                                    <li><a href="/np/categories/330184" data-el="book">소설/에세이/시<i class="si"></i></a>
                                        <ul class="tdl">
                                            <li><a href="/np/categories/330185" data-el="book">소설</a></li>
                                            <li><a href="/np/categories/330201" data-el="book">장르소설</a></li>
                                            <li><a href="/np/categories/330211" data-el="book">테마소설</a></li>
                                            <li><a href="/np/categories/330239" data-el="book">고전문학/신화</a></li>
                                            <li><a href="/np/categories/330253" data-el="book">문학전집</a></li>
                                            <li><a href="/np/categories/330216" data-el="book">에세이</a></li>
                                            <li><a href="/np/categories/330233" data-el="book">시</a></li>
                                            <li><a href="/np/categories/330238" data-el="book">희곡/시나리오</a></li>
                                            <li><a href="/np/categories/330254" data-el="book">문학잡지</a></li>
                                        </ul>
                                    </li>
                                    <li><a href="/np/categories/331062" data-el="book">초중고참고서<i class="si"></i></a>
                                        <ul class="tdl">
                                            <li><a href="/np/categories/331064" data-el="book">초등학생</a></li>
                                            <li><a href="/np/categories/331076" data-el="book">중학생</a></li>
                                            <li><a href="/np/categories/331085" data-el="book">고등학생</a></li>
                                        </ul>
                                    </li>
                                    <li><a href="/np/categories/330112" data-el="book">가정 살림<i class="si"></i></a>
                                        <ul class="tdl">
                                            <li><a href="/np/categories/330113" data-el="book">요리</a></li>
                                            <li><a href="/np/categories/330147" data-el="book">임신/출산/태교</a></li>
                                            <li><a href="/np/categories/330152" data-el="book">결혼/가족</a></li>
                                            <li><a href="/np/categories/330157" data-el="book">육아/교육</a></li>
                                            <li><a href="/np/categories/330165" data-el="book">자녀 학습/학교</a></li>
                                            <li><a href="/np/categories/330174" data-el="book">살림/정리수납</a></li>
                                            <li><a href="/np/categories/330178" data-el="book">집/인테리어</a></li>
                                            <li><a href="/np/categories/330183" data-el="book">원예/조경/텃밭</a></li>
                                        </ul>
                                    </li>
                                    <li><a href="/np/categories/330320" data-el="book">건강 취미<i class="si"></i></a>
                                        <ul class="tdl">
                                            <li><a href="/np/categories/330321" data-el="book">다이어트/미용</a></li>
                                            <li><a href="/np/categories/330324" data-el="book">요가/체조/기타</a></li>
                                            <li><a href="/np/categories/330325" data-el="book">스포츠/오락</a></li>
                                            <li><a href="/np/categories/330332" data-el="book">등산/낚시/바둑</a></li>
                                            <li><a href="/np/categories/330333" data-el="book">건강정보</a></li>
                                            <li><a href="/np/categories/330337" data-el="book">의학/약학</a></li>
                                            <li><a href="/np/categories/330338" data-el="book">질병과 치료법</a></li>
                                            <li><a href="/np/categories/330354" data-el="book">한의학/한방치료</a></li>
                                            <li><a href="/np/categories/330355" data-el="book">컬러링북</a></li>
                                            <li><a href="/np/categories/330356" data-el="book">공예/DIY</a></li>
                                            <li><a href="/np/categories/330364" data-el="book">원예</a></li>
                                            <li><a href="/np/categories/330365" data-el="book">패션/뷰티</a></li>
                                            <li><a href="/np/categories/330371" data-el="book">퍼즐/스도쿠</a></li>
                                            <li class="mc"><a href="/np/categories/330372">더보기</a></li>
                                        </ul>
                                    </li>
                                    <li><a href="/np/categories/330255" data-el="book">경제 경영<i class="si"></i></a>
                                        <ul class="tdl">
                                            <li><a href="/np/categories/330256" data-el="book">경제</a></li>
                                            <li><a href="/np/categories/330265" data-el="book">경영</a></li>
                                            <li><a href="/np/categories/330279" data-el="book">마케팅/세일즈</a></li>
                                            <li><a href="/np/categories/330285" data-el="book">투자/재테크</a></li>
                                            <li><a href="/np/categories/330290" data-el="book">인터넷비즈니스</a></li>
                                            <li><a href="/np/categories/330293" data-el="book">창업/취업/은퇴</a></li>
                                            <li><a href="/np/categories/330297" data-el="book">성공스토리</a></li>
                                            <li><a href="/np/categories/330298" data-el="book">경제/시사잡지</a></li>
                                            <li><a href="/np/categories/330301" data-el="book">총람/간행물</a></li>
                                        </ul>
                                    </li>
                                    <li><a href="/np/categories/330795" data-el="book">과학/공학<i class="si"></i></a>
                                        <ul class="tdl">
                                            <li><a href="/np/categories/330796" data-el="book">기초과학/교양과학</a></li>
                                            <li><a href="/np/categories/330800" data-el="book">과학자</a></li>
                                            <li><a href="/np/categories/330801" data-el="book">뇌과학</a></li>
                                            <li><a href="/np/categories/330804" data-el="book">의학/법의학</a></li>
                                            <li><a href="/np/categories/330805" data-el="book">생명과학</a></li>
                                            <li><a href="/np/categories/330815" data-el="book">화학</a></li>
                                            <li><a href="/np/categories/330821" data-el="book">수학</a></li>
                                            <li><a href="/np/categories/330828" data-el="book">물리</a></li>
                                            <li><a href="/np/categories/330834" data-el="book">지구과학</a></li>
                                            <li><a href="/np/categories/330838" data-el="book">천문학</a></li>
                                            <li><a href="/np/categories/330842" data-el="book">인체</a></li>
                                            <li><a href="/np/categories/330845" data-el="book">공학</a></li>
                                            <li><a href="/np/categories/330852" data-el="book">농/축/수산학</a></li>
                                            <li class="mc"><a href="/np/categories/330853">더보기</a></li>
                                        </ul>
                                    </li>
                                    <li><a href="/np/categories/330972" data-el="book">국어/외국어/사전<i class="si"></i></a>
                                        <ul class="tdl">
                                            <li><a href="/np/categories/330973" data-el="book">국어</a></li>
                                            <li><a href="/np/categories/330983" data-el="book">한자</a></li>
                                            <li><a href="/np/categories/330986" data-el="book">영어</a></li>
                                            <li><a href="/np/categories/330998" data-el="book">영어시험대비</a></li>
                                            <li><a href="/np/categories/331027" data-el="book">일본어</a></li>
                                            <li><a href="/np/categories/331035" data-el="book">중국어</a></li>
                                            <li><a href="/np/categories/331043" data-el="book">중동/아랍어</a></li>
                                            <li><a href="/np/categories/331044" data-el="book">독일어</a></li>
                                            <li><a href="/np/categories/331045" data-el="book">프랑스어</a></li>
                                            <li><a href="/np/categories/331046" data-el="book">이탈리아어</a></li>
                                            <li><a href="/np/categories/331047" data-el="book">스페인어</a></li>
                                            <li><a href="/np/categories/331048" data-el="book">러시아어</a></li>
                                            <li><a href="/np/categories/331049" data-el="book">기타 동양어</a></li>
                                            <li class="mc"><a href="/np/categories/331050">더보기</a></li>
                                        </ul>
                                    </li>
                                    <li><a href="/np/categories/331100" data-el="book">대학교재<i class="si"></i></a>
                                        <ul class="tdl">
                                            <li><a href="/np/categories/331101" data-el="book">인문학 계열</a></li>
                                            <li><a href="/np/categories/331111" data-el="book">어문학 계열</a></li>
                                            <li><a href="/np/categories/331126" data-el="book">자연과학 계열</a></li>
                                            <li><a href="/np/categories/331136" data-el="book">의약학/간호 계열</a></li>
                                            <li><a href="/np/categories/331189" data-el="book">사범대 계열</a></li>
                                            <li><a href="/np/categories/331199" data-el="book">농축산학 계열</a></li>
                                            <li><a href="/np/categories/331203" data-el="book">경상계열</a></li>
                                            <li><a href="/np/categories/331246" data-el="book">예체능/문화/기타 계열</a></li>
                                            <li><a href="/np/categories/331255" data-el="book">사회과학 계열</a></li>
                                            <li><a href="/np/categories/331269" data-el="book">법학계열</a></li>
                                            <li><a href="/np/categories/331285" data-el="book">공학계열</a></li>
                                        </ul>
                                    </li>
                                    <li><a href="/np/categories/330646" data-el="book">만화/라이트노벨<i class="si"></i></a>
                                        <ul class="tdl">
                                            <li><a href="/np/categories/330647" data-el="book">만화 비평/작법</a></li>
                                            <li><a href="/np/categories/330650" data-el="book">애니메이션</a></li>
                                            <li><a href="/np/categories/330651" data-el="book">예술만화/교양만화</a></li>
                                            <li><a href="/np/categories/330652" data-el="book">시사/풍자만화</a></li>
                                            <li><a href="/np/categories/330653" data-el="book">취미/직업만화</a></li>
                                            <li><a href="/np/categories/330654" data-el="book">역사만화</a></li>
                                            <li><a href="/np/categories/330655" data-el="book">코믹/명랑만화</a></li>
                                            <li><a href="/np/categories/330656" data-el="book">스포츠만화</a></li>
                                            <li><a href="/np/categories/330657" data-el="book">소년만화</a></li>
                                            <li><a href="/np/categories/330661" data-el="book">장르만화</a></li>
                                            <li><a href="/np/categories/330665" data-el="book">드라마만화</a></li>
                                            <li><a href="/np/categories/330666" data-el="book">성인만화</a></li>
                                            <li><a href="/np/categories/330667" data-el="book">순정만화</a></li>
                                            <li class="mc"><a href="/np/categories/330668">더보기</a></li>
                                        </ul>
                                    </li>
                                    <li><a href="/np/categories/330585" data-el="book">사회 정치<i class="si"></i></a>
                                        <ul class="tdl">
                                            <li><a href="/np/categories/330586" data-el="book">생태/환경</a></li>
                                            <li><a href="/np/categories/330587" data-el="book">사회학</a></li>
                                            <li><a href="/np/categories/330593" data-el="book">사회비평/비판</a></li>
                                            <li><a href="/np/categories/330594" data-el="book">정치/외교</a></li>
                                            <li><a href="/np/categories/330602" data-el="book">북한/통일</a></li>
                                            <li><a href="/np/categories/330603" data-el="book">행정</a></li>
                                            <li><a href="/np/categories/330607" data-el="book">국방/군사</a></li>
                                            <li><a href="/np/categories/330611" data-el="book">법과 생활</a></li>
                                            <li><a href="/np/categories/330625" data-el="book">여성/젠더</a></li>
                                            <li><a href="/np/categories/330629" data-el="book">언론/미디어</a></li>
                                            <li><a href="/np/categories/330636" data-el="book">교육</a></li>
                                            <li><a href="/np/categories/330643" data-el="book">사회단체/NGO</a></li>
                                            <li><a href="/np/categories/330644" data-el="book">지리학/지정학</a></li>
                                            <li class="mc"><a href="/np/categories/330645">더보기</a></li>
                                        </ul>
                                    </li>
                                    <li><a href="/np/categories/331298" data-el="book">수험서/자격증<i class="si"></i></a>
                                        <ul class="tdl">
                                            <li><a href="/np/categories/331299" data-el="book">공무원 준비관</a></li>
                                            <li><a href="/np/categories/331348" data-el="book">교원임용시험</a></li>
                                            <li><a href="/np/categories/331356" data-el="book">한국사능력검정시험</a></li>
                                            <li><a href="/np/categories/331360" data-el="book">한국어능력검정시험</a></li>
                                            <li><a href="/np/categories/331361" data-el="book">한자시험</a></li>
                                            <li><a href="/np/categories/331362" data-el="book">취업/상식/적성</a></li>
                                            <li><a href="/np/categories/331367" data-el="book">경제/금융/회계</a></li>
                                            <li><a href="/np/categories/331424" data-el="book">공인중개/주택관리</a></li>
                                            <li><a href="/np/categories/331427" data-el="book">법/인문/사회/고시</a></li>
                                            <li><a href="/np/categories/331443" data-el="book">보건/위생/의학</a></li>
                                            <li><a href="/np/categories/331454" data-el="book">한국산업인력공단</a></li>
                                            <li><a href="/np/categories/331574" data-el="book">편입/검정고시/독학사</a></li>
                                            <li><a href="/np/categories/331591" data-el="book">LEET:법학적성시험</a></li>
                                            <li class="mc"><a href="/np/categories/331597">더보기</a></li>
                                        </ul>
                                    </li>
                                    <li><a href="/np/categories/330379" data-el="book">여행<i class="si"></i></a>
                                        <ul class="tdl">
                                            <li><a href="/np/categories/330380" data-el="book">해외여행</a></li>
                                            <li><a href="/np/categories/330408" data-el="book">국내여행</a></li>
                                            <li><a href="/np/categories/330418" data-el="book">테마여행</a></li>
                                            <li><a href="/np/categories/330428" data-el="book">지도/지리</a></li>
                                            <li><a href="/np/categories/330432" data-el="book">여행회화</a></li>
                                            <li><a href="/np/categories/330433" data-el="book">워킹 홀리데이</a></li>
                                            <li><a href="/np/categories/330434" data-el="book">유학/해외연수/이민</a></li>
                                            <li><a href="/np/categories/330435" data-el="book">여행 에세이</a></li>
                                        </ul>
                                    </li>
                                    <li><a href="/np/categories/330521" data-el="book">역사<i class="si"></i></a>
                                        <ul class="tdl">
                                            <li><a href="/np/categories/330522" data-el="book">한국사 일반</a></li>
                                            <li><a href="/np/categories/330523" data-el="book">한국고대/고려사</a></li>
                                            <li><a href="/np/categories/330527" data-el="book">조선사</a></li>
                                            <li><a href="/np/categories/330528" data-el="book">한국근현대사</a></li>
                                            <li><a href="/np/categories/330532" data-el="book">한국문화</a></li>
                                            <li><a href="/np/categories/330533" data-el="book">북한사</a></li>
                                            <li><a href="/np/categories/330534" data-el="book">일본사</a></li>
                                            <li><a href="/np/categories/330540" data-el="book">중국사</a></li>
                                            <li><a href="/np/categories/330546" data-el="book">아시아사</a></li>
                                            <li><a href="/np/categories/330552" data-el="book">서양사</a></li>
                                            <li><a href="/np/categories/330555" data-el="book">유럽사</a></li>
                                            <li><a href="/np/categories/330562" data-el="book">아메리카사/기타</a></li>
                                            <li><a href="/np/categories/330565" data-el="book">아프리카/오세아니아사</a></li>
                                            <li class="mc"><a href="/np/categories/330566">더보기</a></li>
                                        </ul>
                                    </li>
                                    <li><a href="/np/categories/330674" data-el="book">예술<i class="si"></i></a>
                                        <ul class="tdl">
                                            <li><a href="/np/categories/330675" data-el="book">건축</a></li>
                                            <li><a href="/np/categories/330678" data-el="book">미술</a></li>
                                            <li><a href="/np/categories/330689" data-el="book">음악</a></li>
                                            <li><a href="/np/categories/330704" data-el="book">사진</a></li>
                                            <li><a href="/np/categories/330710" data-el="book">무용</a></li>
                                            <li><a href="/np/categories/330713" data-el="book">연극/공연</a></li>
                                            <li><a href="/np/categories/330717" data-el="book">영화/비디오</a></li>
                                            <li><a href="/np/categories/330721" data-el="book">대중음악</a></li>
                                            <li><a href="/np/categories/330725" data-el="book">예술/대중문화 이해</a></li>
                                            <li><a href="/np/categories/330728" data-el="book">TV/라디오</a></li>
                                            <li><a href="/np/categories/330729" data-el="book">예술치료</a></li>
                                            <li><a href="/np/categories/330730" data-el="book">예술기행</a></li>
                                            <li><a href="/np/categories/330731" data-el="book">연예인 화보집</a></li>
                                        </ul>
                                    </li>
                                    <li><a href="/np/categories/330479" data-el="book">인문<i class="si"></i></a>
                                        <ul class="tdl">
                                            <li><a href="/np/categories/330480" data-el="book">인문 일반</a></li>
                                            <li><a href="/np/categories/330486" data-el="book">철학/사상 일반</a></li>
                                            <li><a href="/np/categories/330487" data-el="book">심리학/심리일반</a></li>
                                            <li><a href="/np/categories/330494" data-el="book">기호학/언어학</a></li>
                                            <li><a href="/np/categories/330497" data-el="book">종교학/신화학</a></li>
                                            <li><a href="/np/categories/330503" data-el="book">한국철학</a></li>
                                            <li><a href="/np/categories/330507" data-el="book">동양철학</a></li>
                                            <li><a href="/np/categories/330514" data-el="book">서양철학</a></li>
                                            <li><a href="/np/categories/330519" data-el="book">논리학</a></li>
                                            <li><a href="/np/categories/330520" data-el="book">윤리학</a></li>
                                            <li><a href="/np/categories/497970" data-el="book">비평/창작/이론</a></li>
                                        </ul>
                                    </li>
                                    <li class="mc"><a href="/np/categories/330304">더보기</a></li>
                                </ul>
                                <span class="gnb-banner" style="background:#FFF" data-sentry-component="Banner"
                                      data-sentry-source-file="Banner.tsx"><a href="https://pages.coupang.com/p/141183"
                                                                              title="도서/음반/DVD"
                                                                              data-el="book">도서/음반/DVD</a><img
                                        loading="lazy" alt="도서/음반/DVD"
                                        src="https://image8.coupangcdn.com/image/displayitem/displayitem_f75ebcdb-1b36-43d6-b74c-4215eb33ce77.png"/></span>
                            </div>
                        </li>
                        <li class="hobby wa-category-icon" data-sentry-component="ThirdDepthGnb"
                            data-sentry-source-file="ThirdDepthGnb.tsx"><a href="/np/categories/317779" data-el="hobby">완구/취미<i
                                class="si"></i></a>
                            <div class="depth">
                                <ul class="sdl">
                                    <li><a href="/np/campaigns/21585" data-el="hobby">브랜드컬렉션</a></li>
                                    <li><a href="/np/campaigns/20251" data-el="hobby">캐릭터별완구<i class="si"></i></a>
                                        <ul class="tdl">
                                            <li><a href="/np/campaigns/1850" data-el="hobby">뽀로로</a></li>
                                            <li><a href="/np/campaigns/20326" data-el="hobby">타요</a></li>
                                            <li><a href="/np/campaigns/20328" data-el="hobby">수퍼윙스</a></li>
                                            <li><a href="/np/campaigns/1578" data-el="hobby">신비아파트</a></li>
                                            <li><a href="/np/campaigns/1853" data-el="hobby">콩순이</a></li>
                                            <li><a href="/np/campaigns/20330" data-el="hobby">시크릿쥬쥬</a></li>
                                            <li><a href="/np/campaigns/234" data-el="hobby">헬로카봇</a></li>
                                            <li><a href="/np/campaigns/20332" data-el="hobby">캐치티니핑</a></li>
                                            <li><a href="/np/campaigns/20334" data-el="hobby">파워레인저</a></li>
                                            <li><a href="/np/campaigns/876" data-el="hobby">베이블레이드</a></li>
                                            <li><a href="/np/campaigns/1925" data-el="hobby">실바니안패밀리</a></li>
                                            <li><a href="/np/campaigns/20336" data-el="hobby">미미</a></li>
                                            <li><a href="/np/campaigns/20338" data-el="hobby">포켓몬스터</a></li>
                                            <li class="mc"><a href="/np/campaigns/20340">더보기</a></li>
                                        </ul>
                                    </li>
                                    <li><a href="/np/campaigns/872" data-el="hobby">연령별완구<i class="si"></i></a>
                                        <ul class="tdl">
                                            <li><a href="/np/campaigns/228" data-el="hobby">24개월이하</a></li>
                                            <li><a href="/np/campaigns/229" data-el="hobby">2~5세</a></li>
                                            <li><a href="/np/campaigns/230" data-el="hobby">5~8세</a></li>
                                            <li><a href="/np/campaigns/231" data-el="hobby">8~12세</a></li>
                                            <li><a href="/np/campaigns/232" data-el="hobby">13세이상</a></li>
                                        </ul>
                                    </li>
                                    <li><a href="/np/categories/331852" data-el="hobby">로봇/작동완구<i class="si"></i></a>
                                        <ul class="tdl">
                                            <li><a href="/np/categories/331853" data-el="hobby">로봇</a></li>
                                            <li><a href="/np/categories/331860" data-el="hobby">베이블레이드/배틀팽이</a></li>
                                            <li><a href="/np/categories/331864" data-el="hobby">교통수단</a></li>
                                            <li><a href="/np/categories/331873" data-el="hobby">동물</a></li>
                                            <li><a href="/np/categories/331874" data-el="hobby">장난감총/칼</a></li>
                                            <li><a href="/np/categories/331877" data-el="hobby">작동완구</a></li>
                                            <li><a href="/np/categories/331887" data-el="hobby">어린이RC완구</a></li>
                                            <li><a href="/np/categories/331898" data-el="hobby">풀백장난감</a></li>
                                            <li><a href="/np/categories/331899" data-el="hobby">태엽장난감</a></li>
                                        </ul>
                                    </li>
                                    <li><a href="/np/categories/331991" data-el="hobby">학습완구/교구<i class="si"></i></a>
                                        <ul class="tdl">
                                            <li><a href="/np/categories/331992" data-el="hobby">과학/자연학습</a></li>
                                            <li><a href="/np/categories/332054" data-el="hobby">기술/공학완구</a></li>
                                            <li><a href="/np/categories/332064" data-el="hobby">미술/점토</a></li>
                                            <li><a href="/np/categories/332124" data-el="hobby">음악/악기놀이</a></li>
                                            <li><a href="/np/categories/332148" data-el="hobby">수학/도형완구</a></li>
                                            <li><a href="/np/categories/332160" data-el="hobby">언어학습완구</a></li>
                                            <li><a href="/np/categories/332169" data-el="hobby">학습카드</a></li>
                                            <li><a href="/np/categories/332170" data-el="hobby">학습벽보</a></li>
                                            <li><a href="/np/categories/332171" data-el="hobby">원목교구/가베</a></li>
                                            <li><a href="/np/categories/332185" data-el="hobby">퍼즐</a></li>
                                            <li><a href="/np/categories/332208" data-el="hobby">디지털학습완구</a></li>
                                            <li><a href="/np/categories/332221" data-el="hobby">자석/학습보드</a></li>
                                        </ul>
                                    </li>
                                    <li><a href="/np/categories/373941" data-el="hobby">STEAM완구<i class="si"></i></a>
                                        <ul class="tdl">
                                            <li><a href="/np/categories/373947" data-el="hobby">과학(S)</a></li>
                                            <li><a href="/np/categories/373994" data-el="hobby">기술(T)</a></li>
                                            <li><a href="/np/categories/374010" data-el="hobby">공학(E)</a></li>
                                            <li><a href="/np/categories/374019" data-el="hobby">예술(A)</a></li>
                                            <li><a href="/np/categories/374067" data-el="hobby">수학(M)</a></li>
                                        </ul>
                                    </li>
                                    <li><a href="/np/categories/331900" data-el="hobby">블록놀이<i class="si"></i></a>
                                        <ul class="tdl">
                                            <li><a href="/np/categories/331901" data-el="hobby">레고</a></li>
                                            <li><a href="/np/categories/331904" data-el="hobby">옥스포드</a></li>
                                            <li><a href="/np/categories/331905" data-el="hobby">나노블록</a></li>
                                            <li><a href="/np/categories/331906" data-el="hobby">플레이모빌</a></li>
                                            <li><a href="/np/categories/331907" data-el="hobby">사각/십자블록</a></li>
                                            <li><a href="/np/categories/331908" data-el="hobby">원목블록</a></li>
                                            <li><a href="/np/categories/331909" data-el="hobby">자석블록</a></li>
                                            <li><a href="/np/categories/331910" data-el="hobby">소프트블록</a></li>
                                            <li><a href="/np/categories/331911" data-el="hobby">벽돌블록/빅블록</a></li>
                                            <li><a href="/np/categories/331912" data-el="hobby">기어블록</a></li>
                                            <li><a href="/np/categories/331913" data-el="hobby">마블런/레일블록</a></li>
                                            <li><a href="/np/categories/373745" data-el="hobby">나사조립블록</a></li>
                                            <li><a href="/np/categories/331914" data-el="hobby">도미노</a></li>
                                        </ul>
                                    </li>
                                    <li><a href="/np/categories/331940" data-el="hobby">역할놀이<i class="si"></i></a>
                                        <ul class="tdl">
                                            <li><a href="/np/categories/331941" data-el="hobby">주방놀이</a></li>
                                            <li><a href="/np/categories/331942" data-el="hobby">소꿉놀이</a></li>
                                            <li><a href="/np/categories/331943" data-el="hobby">공구놀이</a></li>
                                            <li><a href="/np/categories/331944" data-el="hobby">마트/계산대놀이</a></li>
                                            <li><a href="/np/categories/331945" data-el="hobby">화장/꾸미기놀이</a></li>
                                            <li><a href="/np/categories/331951" data-el="hobby">아기돌보기놀이</a></li>
                                            <li><a href="/np/categories/331954" data-el="hobby">병원놀이</a></li>
                                            <li><a href="/np/categories/331955" data-el="hobby">청소놀이</a></li>
                                            <li><a href="/np/categories/331956" data-el="hobby">만들기토이</a></li>
                                            <li><a href="/np/categories/331957" data-el="hobby">악기놀이</a></li>
                                            <li><a href="/np/categories/331967" data-el="hobby">모래놀이</a></li>
                                            <li><a href="/np/categories/331968" data-el="hobby">낚시놀이</a></li>
                                            <li><a href="/np/categories/331969" data-el="hobby">장난감총/칼</a></li>
                                            <li class="mc"><a href="/np/categories/331972">더보기</a></li>
                                        </ul>
                                    </li>
                                    <li><a href="/np/categories/332699" data-el="hobby">스포츠/야외완구<i class="si"></i></a>
                                        <ul class="tdl">
                                            <li><a href="/np/categories/332700" data-el="hobby">구기종목</a></li>
                                            <li><a href="/np/categories/332711" data-el="hobby">양궁/사격/다트</a></li>
                                            <li><a href="/np/categories/332720" data-el="hobby">유아동장난감총</a></li>
                                            <li><a href="/np/categories/332721" data-el="hobby">비누방울/버블건</a></li>
                                            <li><a href="/np/categories/332722" data-el="hobby">물총</a></li>
                                            <li><a href="/np/categories/332723" data-el="hobby">모래놀이</a></li>
                                            <li><a href="/np/categories/332724" data-el="hobby">자전거/승용완구</a></li>
                                            <li><a href="/np/categories/332765" data-el="hobby">트램펄린</a></li>
                                            <li><a href="/np/categories/332766" data-el="hobby">훌라후프/줄넘기</a></li>
                                            <li><a href="/np/categories/332769" data-el="hobby">펀치백</a></li>
                                            <li><a href="/np/categories/332770" data-el="hobby">점핑볼</a></li>
                                            <li><a href="/np/categories/332771" data-el="hobby">캐치볼/원반던지기</a></li>
                                            <li><a href="/np/categories/332775" data-el="hobby">요요/액세서리</a></li>
                                            <li class="mc"><a href="/np/categories/332784">더보기</a></li>
                                        </ul>
                                    </li>
                                    <li><a href="/np/categories/331793" data-el="hobby">신생아/영아완구<i class="si"></i></a>
                                        <ul class="tdl">
                                            <li><a href="/np/categories/331794" data-el="hobby">모빌</a></li>
                                            <li><a href="/np/categories/331795" data-el="hobby">초점책/헝겊책</a></li>
                                            <li><a href="/np/categories/331796" data-el="hobby">딸랑이</a></li>
                                            <li><a href="/np/categories/331797" data-el="hobby">치발기/케이스</a></li>
                                            <li><a href="/np/categories/331801" data-el="hobby">오뚝이</a></li>
                                            <li><a href="/np/categories/331802" data-el="hobby">멜로디/러닝완구</a></li>
                                            <li><a href="/np/categories/331808" data-el="hobby">목욕놀이완구</a></li>
                                            <li><a href="/np/categories/331809" data-el="hobby">애착/수면인형</a></li>
                                            <li><a href="/np/categories/331810" data-el="hobby">아기공</a></li>
                                            <li><a href="/np/categories/331811" data-el="hobby">아기체육관/러닝홈</a></li>
                                            <li><a href="/np/categories/331812" data-el="hobby">바운서</a></li>
                                            <li><a href="/np/categories/331813" data-el="hobby">쏘서/점퍼루/보행기</a></li>
                                            <li><a href="/np/categories/331817" data-el="hobby">걸음마보조기</a></li>
                                            <li class="mc"><a href="/np/categories/331818">더보기</a></li>
                                        </ul>
                                    </li>
                                    <li><a href="/np/categories/332230" data-el="hobby">보드게임<i class="si"></i></a>
                                        <ul class="tdl">
                                            <li><a href="/np/categories/332237" data-el="hobby">멘사추천/학습게임</a></li>
                                            <li><a href="/np/categories/332245" data-el="hobby">두뇌게임</a></li>
                                            <li><a href="/np/categories/332251" data-el="hobby">균형/순발력게임</a></li>
                                            <li><a href="/np/categories/332255" data-el="hobby">추리/전략게임</a></li>
                                            <li><a href="/np/categories/332258" data-el="hobby">복불복/룰렛게임</a></li>
                                            <li><a href="/np/categories/332267" data-el="hobby">캐릭터/마술/타로카드</a></li>
                                            <li><a href="/np/categories/332272" data-el="hobby">스포츠/액션게임</a></li>
                                            <li><a href="/np/categories/332291" data-el="hobby">바둑/체스/윷놀이</a></li>
                                            <li><a href="/np/categories/332306" data-el="hobby">화투/트럼프/마작</a></li>
                                            <li><a href="/np/categories/332323" data-el="hobby">기타보드게임</a></li>
                                            <li><a href="/np/categories/502705" data-el="hobby">보드게임액세서리</a></li>
                                        </ul>
                                    </li>
                                    <li><a href="/np/categories/332324" data-el="hobby">퍼즐/큐브/피젯토이<i class="si"></i></a>
                                        <ul class="tdl">
                                            <li><a href="/np/categories/332325" data-el="hobby">직소퍼즐</a></li>
                                            <li><a href="/np/categories/332326" data-el="hobby">구슬퍼즐</a></li>
                                            <li><a href="/np/categories/332327" data-el="hobby">입체퍼즐</a></li>
                                            <li><a href="/np/categories/332328" data-el="hobby">유아동퍼즐</a></li>
                                            <li><a href="/np/categories/332352" data-el="hobby">캐스트/유레카퍼즐</a></li>
                                            <li><a href="/np/categories/332356" data-el="hobby">IQ퍼즐/스도쿠</a></li>
                                            <li><a href="/np/categories/332357" data-el="hobby">퍼즐액세서리</a></li>
                                            <li><a href="/np/categories/332363" data-el="hobby">큐브</a></li>
                                            <li><a href="/np/categories/332373" data-el="hobby">피젯토이</a></li>
                                        </ul>
                                    </li>
                                    <li><a href="/np/categories/332380" data-el="hobby">RC완구/부품<i class="si"></i></a>
                                        <ul class="tdl">
                                            <li><a href="/np/categories/332388" data-el="hobby">RC드론/쿼드콥터</a></li>
                                            <li><a href="/np/categories/382668" data-el="hobby">RC카</a></li>
                                            <li><a href="/np/categories/332391" data-el="hobby">RC헬기/비행기</a></li>
                                            <li><a href="/np/categories/332392" data-el="hobby">RC보트/잠수함</a></li>
                                            <li><a href="/np/categories/332393" data-el="hobby">RC탱크</a></li>
                                            <li><a href="/np/categories/332394" data-el="hobby">RC바이크/오토바이</a></li>
                                            <li><a href="/np/categories/332395" data-el="hobby">RC로봇</a></li>
                                            <li><a href="/np/categories/332396" data-el="hobby">RC부품/액세서리</a></li>
                                            <li><a href="/np/categories/332480" data-el="hobby">어린이RC완구</a></li>
                                        </ul>
                                    </li>
                                    <li><a href="/np/categories/332576" data-el="hobby">피규어/다이캐스트<i class="si"></i></a>
                                        <ul class="tdl">
                                            <li><a href="/np/categories/332577" data-el="hobby">원피스피규어</a></li>
                                            <li><a href="/np/categories/332592" data-el="hobby">인물피규어</a></li>
                                            <li><a href="/np/categories/497980" data-el="hobby">동물/공룡피규어</a></li>
                                            <li><a href="/np/categories/332584" data-el="hobby">실바니안피규어</a></li>
                                            <li><a href="/np/categories/332588" data-el="hobby">게임/영화피규어</a></li>
                                            <li><a href="/np/categories/462201" data-el="hobby">애니메이션피규어</a></li>
                                            <li><a href="/np/categories/462202" data-el="hobby">성인캐릭터피규어</a></li>
                                            <li><a href="/np/categories/462203" data-el="hobby">성인용(19)피규어</a></li>
                                            <li><a href="/np/categories/332595" data-el="hobby">건물피규어</a></li>
                                            <li><a href="/np/categories/332590" data-el="hobby">로봇피규어</a></li>
                                            <li><a href="/np/categories/332594" data-el="hobby">교통수단피규어</a></li>
                                            <li><a href="/np/categories/332589" data-el="hobby">밀리터리피규어</a></li>
                                            <li><a href="/np/categories/332591" data-el="hobby">스포츠피규어</a></li>
                                            <li class="mc"><a href="/np/categories/332596">더보기</a></li>
                                        </ul>
                                    </li>
                                    <li><a href="/np/campaigns/4659" data-el="hobby">키덜트샵</a></li>
                                    <li><a href="/np/categories/332492" data-el="hobby">프라모델<i class="si"></i></a>
                                        <ul class="tdl">
                                            <li><a href="/np/categories/332493" data-el="hobby">건담</a></li>
                                            <li><a href="/np/categories/332494" data-el="hobby">탱크/지프/밀리터리</a></li>
                                            <li><a href="/np/categories/332501" data-el="hobby">자동차/트럭/기차</a></li>
                                            <li><a href="/np/categories/332510" data-el="hobby">비행기/전투기/헬기</a></li>
                                            <li><a href="/np/categories/332515" data-el="hobby">배/전함/잠수함</a></li>
                                            <li><a href="/np/categories/332522" data-el="hobby">건물/빌딩/성</a></li>
                                            <li><a href="/np/categories/332523" data-el="hobby">로봇/우주선</a></li>
                                            <li><a href="/np/categories/332524" data-el="hobby">캐릭터/애니메이션</a></li>
                                            <li><a href="/np/categories/332525" data-el="hobby">공룡/동물</a></li>
                                            <li><a href="/np/categories/332526" data-el="hobby">4WD미니카</a></li>
                                            <li><a href="/np/categories/332533" data-el="hobby">디오라마재료</a></li>
                                            <li><a href="/np/categories/402318" data-el="hobby">도료/공구/기타</a></li>
                                            <li><a href="/np/categories/332571" data-el="hobby">서바이벌건/BB탄총</a></li>
                                            <li class="mc"><a href="/np/categories/332575">더보기</a></li>
                                        </ul>
                                    </li>
                                    <li class="mc"><a href="/np/categories/332642">더보기</a></li>
                                </ul>
                                <span class="gnb-banner" style="background:#FFF" data-sentry-component="Banner"
                                      data-sentry-source-file="Banner.tsx"><a href="https://pages.coupang.com/p/146374"
                                                                              title="완구/취미"
                                                                              data-el="hobby">완구/취미</a><img
                                        loading="lazy" alt="완구/취미"
                                        src="https://image6.coupangcdn.com/image/displayitem/displayitem_a5073f0a-2e5e-4981-a90a-ddb6bed0d6a5.jpg"/></span>
                            </div>
                        </li>
                        <li class="office wa-category-icon" data-sentry-component="ThirdDepthGnb"
                            data-sentry-source-file="ThirdDepthGnb.tsx"><a href="/np/categories/177295"
                                                                           data-el="office">문구/오피스<i class="si"></i></a>
                            <div class="depth">
                                <ul class="sdl">
                                    <li><a href="/np/categories/408063" data-el="office">사무용품 전문관<i class="si"></i></a>
                                        <ul class="tdl">
                                            <li><a href="/np/categories/408064" data-el="office">사무용문구</a></li>
                                            <li><a href="/np/categories/408126" data-el="office">파일/바인더</a></li>
                                            <li><a href="/np/categories/408145" data-el="office">사무용지/복사지</a></li>
                                            <li><a href="/np/categories/408179" data-el="office">데스크정리소품</a></li>
                                            <li><a href="/np/categories/408193" data-el="office">보드/칠판/광고</a></li>
                                            <li><a href="/np/categories/408209" data-el="office">봉투/포장용품</a></li>
                                            <li><a href="/np/categories/408225" data-el="office">디지털/사무기기</a></li>
                                            <li><a href="/np/categories/408275" data-el="office">사무용가구/수납</a></li>
                                        </ul>
                                    </li>
                                    <li><a href="/np/categories/401900" data-el="office">미술/화방용품<i class="si"></i></a>
                                        <ul class="tdl">
                                            <li><a href="/np/categories/401901" data-el="office">수채화</a></li>
                                            <li><a href="/np/categories/401909" data-el="office">유화</a></li>
                                            <li><a href="/np/categories/401926" data-el="office">아크릴화</a></li>
                                            <li><a href="/np/categories/401939" data-el="office">디자인/구성</a></li>
                                            <li><a href="/np/categories/401947" data-el="office">동양화/서예</a></li>
                                            <li><a href="/np/categories/401964" data-el="office">조소/도예/판화</a></li>
                                            <li><a href="/np/categories/401991" data-el="office">지류/스케치북</a></li>
                                            <li><a href="/np/categories/402011" data-el="office">캔버스/판넬</a></li>
                                            <li><a href="/np/categories/402016" data-el="office">드로잉/채색도구</a></li>
                                            <li><a href="/np/categories/402059" data-el="office">붓</a></li>
                                            <li><a href="/np/categories/402074" data-el="office">파스텔/콩테/목탄</a></li>
                                            <li><a href="/np/categories/402081" data-el="office">캘리그라피</a></li>
                                            <li><a href="/np/categories/402092" data-el="office">애니메이션/만화</a></li>
                                            <li class="mc"><a href="/np/categories/402099">더보기</a></li>
                                        </ul>
                                    </li>
                                    <li><a href="/np/categories/359731" data-el="office">캐릭터 문구<i class="si"></i></a>
                                        <ul class="tdl">
                                            <li><a href="/np/categories/359732" data-el="office">카카오프렌즈</a></li>
                                            <li><a href="/np/categories/379723" data-el="office">핑크퐁</a></li>
                                            <li><a href="/np/categories/359733" data-el="office">뽀로로</a></li>
                                            <li><a href="/np/categories/359736" data-el="office">리락쿠마</a></li>
                                            <li><a href="/np/categories/443129" data-el="office">엉덩이탐정</a></li>
                                            <li><a href="/np/categories/359735" data-el="office">디즈니</a></li>
                                            <li><a href="/np/categories/359745" data-el="office">포켓몬스터</a></li>
                                            <li><a href="/np/categories/443130" data-el="office">짱구는 못말려</a></li>
                                            <li><a href="/np/categories/359734" data-el="office">헬로키티</a></li>
                                            <li><a href="/np/categories/443131" data-el="office">BT21</a></li>
                                            <li><a href="/np/categories/366893" data-el="office">마블/DC</a></li>
                                            <li><a href="/np/categories/359750" data-el="office">에비츄</a></li>
                                            <li><a href="/np/categories/359740" data-el="office">빨강머리 앤</a></li>
                                            <li class="mc"><a href="/np/categories/359738">더보기</a></li>
                                        </ul>
                                    </li>
                                    <li><a href="/np/categories/178098" data-el="office">학용품/수업준비<i class="si"></i></a>
                                        <ul class="tdl">
                                            <li><a href="/np/categories/373322" data-el="office">필기용품</a></li>
                                            <li><a href="/np/categories/178100" data-el="office">노트</a></li>
                                            <li><a href="/np/categories/373365" data-el="office">메모지/수첩</a></li>
                                            <li><a href="/np/categories/178113" data-el="office">학용품세트</a></li>
                                            <li><a href="/np/categories/373372" data-el="office">파일</a></li>
                                            <li><a href="/np/categories/178114" data-el="office">네임스티커/명찰</a></li>
                                            <li><a href="/np/categories/178123" data-el="office">지구본/지도</a></li>
                                            <li><a href="/np/categories/382074" data-el="office">과학시간</a></li>
                                            <li><a href="/np/categories/178151" data-el="office">수학시간</a></li>
                                            <li><a href="/np/categories/178167" data-el="office">미술시간</a></li>
                                            <li><a href="/np/categories/178226" data-el="office">음악시간</a></li>
                                            <li><a href="/np/categories/178242" data-el="office">체육시간</a></li>
                                            <li><a href="/np/categories/373384" data-el="office">학년별 준비물</a></li>
                                            <li class="mc"><a href="/np/categories/373433">더보기</a></li>
                                        </ul>
                                    </li>
                                    <li><a href="/np/categories/177297" data-el="office">필기류<i class="si"></i></a>
                                        <ul class="tdl">
                                            <li><a href="/np/categories/177299" data-el="office">펜/리필심</a></li>
                                            <li><a href="/np/categories/177306" data-el="office">연필</a></li>
                                            <li><a href="/np/categories/177315" data-el="office">샤프</a></li>
                                            <li><a href="/np/categories/177319" data-el="office">만년필</a></li>
                                            <li><a href="/np/categories/177328" data-el="office">형광펜</a></li>
                                            <li><a href="/np/categories/177329" data-el="office">사인펜/매직</a></li>
                                            <li><a href="/np/categories/177334" data-el="office">색연필</a></li>
                                            <li><a href="/np/categories/177335" data-el="office">붓펜/캘리그라피펜</a></li>
                                            <li><a href="/np/categories/177340" data-el="office">분필/보드마카</a></li>
                                            <li><a href="/np/categories/177346" data-el="office">지우개/수정액</a></li>
                                            <li><a href="/np/categories/177356" data-el="office">필통/파우치</a></li>
                                        </ul>
                                    </li>
                                    <li><a href="/np/categories/401541" data-el="office">노트/메모지<i class="si"></i></a>
                                        <ul class="tdl">
                                            <li><a href="/np/categories/435837" data-el="office">유선/무선노트</a></li>
                                            <li><a href="/np/categories/435838" data-el="office">학습/과목노트</a></li>
                                            <li><a href="/np/categories/435839" data-el="office">초등학생노트</a></li>
                                            <li><a href="/np/categories/435840" data-el="office">노트커버/패드</a></li>
                                            <li><a href="/np/categories/435841" data-el="office">수첩</a></li>
                                            <li><a href="/np/categories/435842" data-el="office">가계부/캐쉬북</a></li>
                                            <li><a href="/np/categories/435843" data-el="office">일기장</a></li>
                                            <li><a href="/np/categories/435844" data-el="office">기록노트</a></li>
                                            <li><a href="/np/categories/435845" data-el="office">메모패드/리갈패드</a></li>
                                            <li><a href="/np/categories/435846" data-el="office">메모지/체크리스트</a></li>
                                            <li><a href="/np/categories/435847" data-el="office">점착메모지/포스트잇</a></li>
                                            <li><a href="/np/categories/401571" data-el="office">인덱스/플래그</a></li>
                                        </ul>
                                    </li>
                                    <li><a href="/np/categories/401572" data-el="office">다이어리/플래너<i class="si"></i></a>
                                        <ul class="tdl">
                                            <li><a href="/np/categories/401573" data-el="office">다이어리</a></li>
                                            <li><a href="/np/categories/401577" data-el="office">다이어리소품</a></li>
                                            <li><a href="/np/categories/401581" data-el="office">스케쥴러</a></li>
                                            <li><a href="/np/categories/401582" data-el="office">캘린더</a></li>
                                            <li><a href="/np/categories/401588" data-el="office">프로젝트플래너</a></li>
                                        </ul>
                                    </li>
                                    <li><a href="/np/categories/177419" data-el="office">바인더/파일<i class="si"></i></a>
                                        <ul class="tdl">
                                            <li><a href="/np/categories/177421" data-el="office">바인더</a></li>
                                            <li><a href="/np/categories/177427" data-el="office">파일</a></li>
                                            <li><a href="/np/categories/177442" data-el="office">클립보드/결재판</a></li>
                                        </ul>
                                    </li>
                                    <li><a href="/np/categories/401805" data-el="office">파티/이벤트<i class="si"></i></a>
                                        <ul class="tdl">
                                            <li><a href="/np/categories/401806" data-el="office">테이블웨어</a></li>
                                            <li><a href="/np/categories/401813" data-el="office">초/티라이트</a></li>
                                            <li><a href="/np/categories/401818" data-el="office">풍선</a></li>
                                            <li><a href="/np/categories/401829" data-el="office">파티모자/머리띠</a></li>
                                            <li><a href="/np/categories/401834" data-el="office">파티장식/가랜드</a></li>
                                            <li><a href="/np/categories/401840" data-el="office">홈파티세트</a></li>
                                            <li><a href="/np/categories/401841" data-el="office">꽃잎/폭죽/불꽃놀이</a></li>
                                            <li><a href="/np/categories/401847" data-el="office">가발/가면/안경</a></li>
                                            <li><a href="/np/categories/401851" data-el="office">의상/분장용품</a></li>
                                            <li><a href="/np/categories/401857" data-el="office">응원/페스티벌</a></li>
                                            <li><a href="/np/categories/401866" data-el="office">마술용품</a></li>
                                            <li><a href="/np/categories/401873" data-el="office">기타파티소품</a></li>
                                        </ul>
                                    </li>
                                    <li><a href="/np/categories/178035" data-el="office">데코/포장용품<i class="si"></i></a>
                                        <ul class="tdl">
                                            <li><a href="/np/categories/178037" data-el="office">선물/포장용품</a></li>
                                            <li><a href="/np/categories/178060" data-el="office">스티커</a></li>
                                            <li><a href="/np/categories/178068" data-el="office">스탬프/씰링</a></li>
                                            <li><a href="/np/categories/178073" data-el="office">모양펀치</a></li>
                                            <li><a href="/np/categories/178074" data-el="office">데코테이프</a></li>
                                        </ul>
                                    </li>
                                    <li><a href="/np/categories/178005" data-el="office">카드/엽서/봉투<i class="si"></i></a>
                                        <ul class="tdl">
                                            <li><a href="/np/categories/178007" data-el="office">카드</a></li>
                                            <li><a href="/np/categories/178015" data-el="office">엽서</a></li>
                                            <li><a href="/np/categories/178021" data-el="office">편지지</a></li>
                                            <li><a href="/np/categories/178022" data-el="office">봉투</a></li>
                                        </ul>
                                    </li>
                                    <li><a href="/np/categories/401781" data-el="office">앨범<i class="si"></i></a>
                                        <ul class="tdl">
                                            <li><a href="/np/categories/401782" data-el="office">일반포토앨범</a></li>
                                            <li><a href="/np/categories/401783" data-el="office">폴라로이드앨범</a></li>
                                            <li><a href="/np/categories/401784" data-el="office">티켓/영화앨범</a></li>
                                            <li><a href="/np/categories/401785" data-el="office">출산/성장앨범</a></li>
                                            <li><a href="/np/categories/401786" data-el="office">기타스크랩북</a></li>
                                        </ul>
                                    </li>
                                    <li><a href="/np/categories/177453" data-el="office">복사용품/라벨지<i class="si"></i></a>
                                        <ul class="tdl">
                                            <li><a href="/np/categories/177455" data-el="office">복사용지</a></li>
                                            <li><a href="/np/categories/177456" data-el="office">출력라벨지</a></li>
                                            <li><a href="/np/categories/177471" data-el="office">전용지</a></li>
                                            <li><a href="/np/categories/177482" data-el="office">잉크/토너</a></li>
                                        </ul>
                                    </li>
                                    <li><a href="/np/categories/401787" data-el="office">보드/칠판/광고<i class="si"></i></a>
                                        <ul class="tdl">
                                            <li><a href="/np/categories/401788" data-el="office">화이트보드/게시판</a></li>
                                            <li><a href="/np/categories/401789" data-el="office">블랙/칼라보드/게시판</a></li>
                                            <li><a href="/np/categories/401790" data-el="office">칠판보드/게시판</a></li>
                                            <li><a href="/np/categories/401791" data-el="office">콜크보드/게시판</a></li>
                                            <li><a href="/np/categories/401792" data-el="office">융보드/게시판</a></li>
                                            <li><a href="/np/categories/401793" data-el="office">메모보드</a></li>
                                            <li><a href="/np/categories/401794" data-el="office">타공판/메쉬보드</a></li>
                                            <li><a href="/np/categories/401795" data-el="office">보드/게시판소품</a></li>
                                            <li><a href="/np/categories/401799" data-el="office">메뉴판</a></li>
                                            <li><a href="/np/categories/401800" data-el="office">쇼카드</a></li>
                                            <li><a href="/np/categories/401801" data-el="office">아크릴꽂이/집게</a></li>
                                            <li><a href="/np/categories/401802" data-el="office">아크릴사인/표지판</a></li>
                                            <li><a href="/np/categories/401803" data-el="office">마네킹</a></li>
                                            <li class="mc"><a href="/np/categories/401804">더보기</a></li>
                                        </ul>
                                    </li>
                                </ul>
                                <span class="gnb-banner" style="background:#FFF" data-sentry-component="Banner"
                                      data-sentry-source-file="Banner.tsx"><a href="https://pages.coupang.com/p/146284"
                                                                              title="문구/오피스" data-el="office">문구/오피스</a><img
                                        loading="lazy" alt="문구/오피스"
                                        src="https://image10.coupangcdn.com/image/displayitem/displayitem_d6f5219b-3feb-4038-a5ed-4f83d5918d59.jpg"/></span>
                            </div>
                        </li>
                        <li class="pet wa-category-icon" data-sentry-component="ThirdDepthGnb"
                            data-sentry-source-file="ThirdDepthGnb.tsx"><a href="/np/categories/115674" data-el="pets">반려동물용품<i
                                class="si"></i></a>
                            <div class="depth">
                                <ul class="sdl">
                                    <li><a href="/np/categories/445725" data-el="pets">강아지 사료<i class="si"></i></a>
                                        <ul class="tdl">
                                            <li><a href="/np/categories/445726" data-el="pets">건식사료</a></li>
                                            <li><a href="/np/categories/445727" data-el="pets">소프트사료</a></li>
                                            <li><a href="/np/categories/445728" data-el="pets">습식사료</a></li>
                                            <li><a href="/np/categories/445729" data-el="pets">건조/생식사료</a></li>
                                            <li><a href="/np/categories/445730" data-el="pets">화식사료</a></li>
                                            <li><a href="/np/categories/445731" data-el="pets">분유</a></li>
                                            <li><a href="/np/categories/509024" data-el="pets">기능성사료</a></li>
                                            <li><a href="/np/categories/510526" data-el="pets">처방식 사료</a></li>
                                        </ul>
                                    </li>
                                    <li><a href="/np/categories/118900" data-el="pets">강아지 간식<i class="si"></i></a>
                                        <ul class="tdl">
                                            <li><a href="/np/categories/118975" data-el="pets">캔/파우치</a></li>
                                            <li><a href="/np/categories/385001" data-el="pets">덴탈껌</a></li>
                                            <li><a href="/np/categories/385002" data-el="pets">건조간식/육포</a></li>
                                            <li><a href="/np/categories/385003" data-el="pets">동결건조간식</a></li>
                                            <li><a href="/np/categories/118974" data-el="pets">비스켓/시리얼/쿠키</a></li>
                                            <li><a href="/np/categories/225063" data-el="pets">캔디/젤리</a></li>
                                            <li><a href="/np/categories/225064" data-el="pets">빵/케이크</a></li>
                                            <li><a href="/np/categories/445733" data-el="pets">테린/화식</a></li>
                                            <li><a href="/np/categories/385004" data-el="pets">져키/트릿</a></li>
                                            <li><a href="/np/categories/118980" data-el="pets">음료</a></li>
                                        </ul>
                                    </li>
                                    <li><a href="/np/categories/486318" data-el="pets">강아지 영양제<i class="si"></i></a>
                                        <ul class="tdl">
                                            <li><a href="/np/categories/486319" data-el="pets">영양제</a></li>
                                            <li><a href="/np/categories/486328" data-el="pets">건강보조제</a></li>
                                            <li><a href="/np/categories/510524" data-el="pets">처방보조/보충식</a></li>
                                        </ul>
                                    </li>
                                    <li><a href="/np/categories/118876" data-el="pets">강아지 용품<i class="si"></i></a>
                                        <ul class="tdl">
                                            <li><a href="/np/categories/118920" data-el="pets">하우스/울타리</a></li>
                                            <li><a href="/np/categories/118919" data-el="pets">급식기/급수기</a></li>
                                            <li><a href="/np/categories/118926" data-el="pets">의류/패션</a></li>
                                            <li><a href="/np/categories/118916" data-el="pets">배변용품</a></li>
                                            <li><a href="/np/categories/118917" data-el="pets">미용/목욕</a></li>
                                            <li><a href="/np/categories/118923" data-el="pets">장난감/훈련용품</a></li>
                                            <li><a href="/np/categories/486542" data-el="pets">펫캠/가전용품</a></li>
                                            <li><a href="/np/categories/118922" data-el="pets">이동장/외출용품</a></li>
                                            <li><a href="/np/categories/373649" data-el="pets">건강 관리</a></li>
                                            <li><a href="/np/categories/225106" data-el="pets">강아지도서</a></li>
                                        </ul>
                                    </li>
                                    <li><a href="/np/categories/445859" data-el="pets">고양이 사료<i class="si"></i></a>
                                        <ul class="tdl">
                                            <li><a href="/np/categories/445860" data-el="pets">건식사료</a></li>
                                            <li><a href="/np/categories/445861" data-el="pets">습식/소프트사료</a></li>
                                            <li><a href="/np/categories/445862" data-el="pets">건조생식사료</a></li>
                                            <li><a href="/np/categories/445863" data-el="pets">화식사료</a></li>
                                            <li><a href="/np/categories/446151" data-el="pets">분유</a></li>
                                            <li><a href="/np/categories/509026" data-el="pets">기능성사료</a></li>
                                            <li><a href="/np/categories/510527" data-el="pets">처방식 사료</a></li>
                                        </ul>
                                    </li>
                                    <li><a href="/np/categories/119402" data-el="pets">고양이 간식<i class="si"></i></a>
                                        <ul class="tdl">
                                            <li><a href="/np/categories/119522" data-el="pets">캔</a></li>
                                            <li><a href="/np/categories/119499" data-el="pets">파우치</a></li>
                                            <li><a href="/np/categories/120216" data-el="pets">동결/건조간식</a></li>
                                            <li><a href="/np/categories/119501" data-el="pets">수제간식</a></li>
                                            <li><a href="/np/categories/119502" data-el="pets">져키/스틱</a></li>
                                            <li><a href="/np/categories/119503" data-el="pets">통살/소시지</a></li>
                                            <li><a href="/np/categories/119504" data-el="pets">스낵</a></li>
                                            <li><a href="/np/categories/119505" data-el="pets">캣닢/캣글라스</a></li>
                                            <li><a href="/np/categories/119506" data-el="pets">음료</a></li>
                                            <li><a href="/np/categories/120217" data-el="pets">껌</a></li>
                                            <li><a href="/np/categories/445864" data-el="pets">테린/화식</a></li>
                                        </ul>
                                    </li>
                                    <li><a href="/np/categories/118878" data-el="pets">고양이 용품<i class="si"></i></a>
                                        <ul class="tdl">
                                            <li><a href="/np/categories/119567" data-el="pets">캣타워/스크래쳐</a></li>
                                            <li><a href="/np/categories/119562" data-el="pets">하우스/방석</a></li>
                                            <li><a href="/np/categories/119561" data-el="pets">급식기/급수기</a></li>
                                            <li><a href="/np/categories/157054" data-el="pets">의류/패션</a></li>
                                            <li><a href="/np/categories/119558" data-el="pets">모래/화장실</a></li>
                                            <li><a href="/np/categories/385076" data-el="pets">미용/목욕</a></li>
                                            <li><a href="/np/categories/119568" data-el="pets">장난감</a></li>
                                            <li><a href="/np/categories/486545" data-el="pets">펫캠/가전용품</a></li>
                                            <li><a href="/np/categories/119564" data-el="pets">이동장/외출용품</a></li>
                                            <li><a href="/np/categories/119559" data-el="pets">건강 관리</a></li>
                                            <li><a href="/np/categories/225107" data-el="pets">고양이 도서</a></li>
                                        </ul>
                                    </li>
                                    <li><a href="/np/categories/486331" data-el="pets">고양이 영양제<i class="si"></i></a>
                                        <ul class="tdl">
                                            <li><a href="/np/categories/486332" data-el="pets">영양제</a></li>
                                            <li><a href="/np/categories/486342" data-el="pets">건강보조제</a></li>
                                            <li><a href="/np/categories/510525" data-el="pets">처방보조/보충식</a></li>
                                        </ul>
                                    </li>
                                    <li><a href="/np/categories/381522" data-el="pets">펫티켓 산책용품<i class="si"></i></a>
                                        <ul class="tdl">
                                            <li><a href="/np/categories/381523" data-el="pets">배변봉투/삽</a></li>
                                            <li><a href="/np/categories/381526" data-el="pets">물티슈/크리너</a></li>
                                            <li><a href="/np/categories/381527" data-el="pets">기저귀/매너벨트</a></li>
                                            <li><a href="/np/categories/381528" data-el="pets">입마개</a></li>
                                            <li><a href="/np/categories/381529" data-el="pets">가슴줄/하네스</a></li>
                                            <li><a href="/np/categories/381532" data-el="pets">목줄</a></li>
                                            <li><a href="/np/categories/381535" data-el="pets">리드줄</a></li>
                                            <li><a href="/np/categories/381538" data-el="pets">자동줄</a></li>
                                            <li><a href="/np/categories/381539" data-el="pets">인식표/목걸이</a></li>
                                            <li><a href="/np/categories/381540" data-el="pets">이동가방/캐리어</a></li>
                                        </ul>
                                    </li>
                                    <li><a href="/np/categories/118879" data-el="pets">관상어 용품<i class="si"></i></a>
                                        <ul class="tdl">
                                            <li><a href="/np/categories/119922" data-el="pets">사료</a></li>
                                            <li><a href="/np/categories/384981" data-el="pets">수초/재배용품</a></li>
                                            <li><a href="/np/categories/384995" data-el="pets">수조/어항</a></li>
                                            <li><a href="/np/categories/119925" data-el="pets">수질 관리용품</a></li>
                                            <li><a href="/np/categories/119926" data-el="pets">모터/여과용품</a></li>
                                            <li><a href="/np/categories/119927" data-el="pets">수조장식/바닥재</a></li>
                                            <li><a href="/np/categories/119928" data-el="pets">히터/온도계</a></li>
                                            <li><a href="/np/categories/119929" data-el="pets">청소도구</a></li>
                                            <li><a href="/np/categories/119932" data-el="pets">조명</a></li>
                                            <li><a href="/np/categories/119933" data-el="pets">부화용품/급여기</a></li>
                                            <li><a href="/np/categories/225108" data-el="pets">관상어 도서</a></li>
                                        </ul>
                                    </li>
                                    <li><a href="/np/categories/121391" data-el="pets">소동물/가축용품<i class="si"></i></a>
                                        <ul class="tdl">
                                            <li><a href="/np/categories/118880" data-el="pets">조류용품</a></li>
                                            <li><a href="/np/categories/402289" data-el="pets">토끼/기니피그</a></li>
                                            <li><a href="/np/categories/118882" data-el="pets">햄스터 용품</a></li>
                                            <li><a href="/np/categories/118883" data-el="pets">고슴도치용품</a></li>
                                            <li><a href="/np/categories/118886" data-el="pets">페럿용품</a></li>
                                            <li><a href="/np/categories/118885" data-el="pets">거북이/달팽이용품</a></li>
                                            <li><a href="/np/categories/118881" data-el="pets">파충류용품</a></li>
                                            <li><a href="/np/categories/118884" data-el="pets">장수풍뎅이/곤충용품</a></li>
                                            <li><a href="/np/categories/225990" data-el="pets">가축사료/용품</a></li>
                                            <li><a href="/np/categories/225109" data-el="pets">소동물 도서</a></li>
                                        </ul>
                                    </li>
                                    <li><a href="/np/campaigns/17993" data-el="pets">로켓펫닥터</a></li>
                                </ul>
                                <span class="gnb-banner" style="background:#FFF" data-sentry-component="Banner"
                                      data-sentry-source-file="Banner.tsx"><a href="https://pages.coupang.com/p/144706"
                                                                              title="반려동물용품"
                                                                              data-el="pets">반려동물용품</a><img
                                        loading="lazy" alt="반려동물용품"
                                        src="https://image6.coupangcdn.com/image/displayitem/displayitem_fba783a2-a69d-4a67-8970-24433420aa9c.jpg"/></span>
                            </div>
                        </li>
                        <li class="health wa-category-icon" data-sentry-component="ThirdDepthGnb"
                            data-sentry-source-file="ThirdDepthGnb.tsx"><a href="/np/categories/305798"
                                                                           data-el="health">헬스/건강식품<i
                                class="si"></i></a>
                            <div class="depth">
                                <ul class="sdl">
                                    <li><a href="/np/campaigns/6585" data-el="health">건강기능식품</a></li>
                                    <li><a href="/np/categories/310632" data-el="health">비타민/미네랄<i class="si"></i></a>
                                        <ul class="tdl">
                                            <li><a href="/np/categories/310633" data-el="health">멀티비타민</a></li>
                                            <li><a href="/np/categories/310634" data-el="health">비타민A</a></li>
                                            <li><a href="/np/categories/310635" data-el="health">비타민B</a></li>
                                            <li><a href="/np/categories/310636" data-el="health">비오틴</a></li>
                                            <li><a href="/np/categories/310637" data-el="health">비타민C</a></li>
                                            <li><a href="/np/categories/310638" data-el="health">비타민D</a></li>
                                            <li><a href="/np/categories/310639" data-el="health">비타민E</a></li>
                                            <li><a href="/np/categories/310640" data-el="health">비타민K</a></li>
                                            <li><a href="/np/categories/310641" data-el="health">칼슘</a></li>
                                            <li><a href="/np/categories/310642" data-el="health">마그네슘</a></li>
                                            <li><a href="/np/categories/310643" data-el="health">아연</a></li>
                                            <li><a href="/np/categories/310644" data-el="health">철분</a></li>
                                            <li><a href="/np/categories/310645" data-el="health">요오드</a></li>
                                            <li class="mc"><a href="/np/categories/310646">더보기</a></li>
                                        </ul>
                                    </li>
                                    <li><a href="/np/categories/310655" data-el="health">건강식품<i class="si"></i></a>
                                        <ul class="tdl">
                                            <li><a href="/np/categories/310656" data-el="health">유산균</a></li>
                                            <li><a href="/np/categories/310657" data-el="health">루테인</a></li>
                                            <li><a href="/np/categories/310658" data-el="health">밀크시슬</a></li>
                                            <li><a href="/np/categories/509614" data-el="health">오메가/크릴오일</a></li>
                                            <li><a href="/np/categories/310660" data-el="health">DHA</a></li>
                                            <li><a href="/np/categories/310661" data-el="health">코엔자임Q10</a></li>
                                            <li><a href="/np/categories/310662" data-el="health">히알루론산/콜라겐</a></li>
                                            <li><a href="/np/categories/310663" data-el="health">효소</a></li>
                                            <li><a href="/np/categories/310664" data-el="health">폴리코사놀</a></li>
                                            <li><a href="/np/categories/310665" data-el="health">글루코사민</a></li>
                                            <li><a href="/np/categories/310666" data-el="health">프로폴리스</a></li>
                                            <li><a href="/np/categories/310667" data-el="health">쏘팔메토</a></li>
                                            <li><a href="/np/categories/509625" data-el="health">보스웰리아</a></li>
                                            <li class="mc"><a href="/np/categories/310668">더보기</a></li>
                                        </ul>
                                    </li>
                                    <li><a href="/np/categories/310694" data-el="health">허브/식물추출물<i class="si"></i></a>
                                        <ul class="tdl">
                                            <li><a href="/np/categories/310704" data-el="health">석류</a></li>
                                            <li><a href="/np/categories/310711" data-el="health">아사이베리</a></li>
                                            <li><a href="/np/categories/310712" data-el="health">크랜베리</a></li>
                                            <li><a href="/np/categories/310713" data-el="health">블루베리</a></li>
                                            <li><a href="/np/categories/310705" data-el="health">클로렐라</a></li>
                                            <li><a href="/np/categories/310719" data-el="health">쏘팔메토</a></li>
                                            <li><a href="/np/categories/310718" data-el="health">루테인</a></li>
                                            <li><a href="/np/categories/310714" data-el="health">빌베리</a></li>
                                            <li><a href="/np/categories/310717" data-el="health">프로폴리스</a></li>
                                            <li><a href="/np/categories/310702" data-el="health">로열젤리/벌화분</a></li>
                                            <li><a href="/np/categories/310716" data-el="health">밀크시슬</a></li>
                                            <li><a href="/np/categories/310697" data-el="health">징코</a></li>
                                            <li><a href="/np/categories/310698" data-el="health">마카</a></li>
                                            <li class="mc"><a href="/np/categories/310699">더보기</a></li>
                                        </ul>
                                    </li>
                                    <li><a href="/np/categories/311209" data-el="health">홍삼/인삼<i class="si"></i></a>
                                        <ul class="tdl">
                                            <li><a href="/np/categories/311210" data-el="health">홍삼농축액/홍삼정</a></li>
                                            <li><a href="/np/categories/311211" data-el="health">홍삼진액/파우치</a></li>
                                            <li><a href="/np/categories/311212" data-el="health">홍삼정과/절편</a></li>
                                            <li><a href="/np/categories/311213" data-el="health">홍삼캡슐</a></li>
                                            <li><a href="/np/categories/311214" data-el="health">홍삼환</a></li>
                                            <li><a href="/np/categories/311215" data-el="health">홍삼캔디/젤리</a></li>
                                            <li><a href="/np/categories/311216" data-el="health">어린이홍삼</a></li>
                                            <li><a href="/np/categories/311217" data-el="health">기타 홍삼</a></li>
                                            <li><a href="/np/categories/311218" data-el="health">인삼/수삼/장뇌삼</a></li>
                                        </ul>
                                    </li>
                                    <li><a href="/np/categories/311219" data-el="health">건강즙/음료<i class="si"></i></a>
                                        <ul class="tdl">
                                            <li><a href="/np/categories/311223" data-el="health">배즙/도라지즙</a></li>
                                            <li><a href="/np/categories/486650" data-el="health">양배추즙</a></li>
                                            <li><a href="/np/categories/486651" data-el="health">비트/호박즙</a></li>
                                            <li><a href="/np/categories/311220" data-el="health">ABC/석류/사과/포도</a></li>
                                            <li><a href="/np/categories/311224" data-el="health">양파즙/마늘즙</a></li>
                                            <li><a href="/np/categories/311227" data-el="health">기타건강즙</a></li>
                                            <li><a href="/np/categories/501428" data-el="health">건강음료</a></li>
                                        </ul>
                                    </li>
                                    <li><a href="/np/categories/501440" data-el="health">꿀/프로폴리스<i class="si"></i></a>
                                        <ul class="tdl">
                                            <li><a href="/np/categories/501441" data-el="health">일반꿀</a></li>
                                            <li><a href="/np/categories/501442" data-el="health">벌집꿀</a></li>
                                            <li><a href="/np/categories/501443" data-el="health">로얄젤리</a></li>
                                            <li><a href="/np/categories/501444" data-el="health">허니파우더/벌화분</a></li>
                                            <li><a href="/np/categories/501445" data-el="health">프로폴리스</a></li>
                                        </ul>
                                    </li>
                                    <li><a href="/np/categories/501446" data-el="health">건강분말/건강환<i class="si"></i></a>
                                        <ul class="tdl">
                                            <li><a href="/np/categories/501447" data-el="health">건강환</a></li>
                                            <li><a href="/np/categories/501448" data-el="health">건강분말</a></li>
                                        </ul>
                                    </li>
                                    <li><a href="/np/categories/310722" data-el="health">헬스보충식품<i class="si"></i></a>
                                        <ul class="tdl">
                                            <li><a href="/np/categories/310723" data-el="health">프로틴</a></li>
                                            <li><a href="/np/categories/310731" data-el="health">크레아틴</a></li>
                                            <li><a href="/np/categories/310732" data-el="health">아미노산</a></li>
                                            <li><a href="/np/categories/310744" data-el="health">기타헬스보조제</a></li>
                                        </ul>
                                    </li>
                                    <li><a href="/np/categories/310745" data-el="health">다이어트/이너뷰티<i class="si"></i></a>
                                        <ul class="tdl">
                                            <li><a href="/np/categories/310746" data-el="health">탄수화물차단제</a></li>
                                            <li><a href="/np/categories/310750" data-el="health">체지방감소제</a></li>
                                            <li><a href="/np/categories/310759" data-el="health">다이어트 쉐이크</a></li>
                                            <li><a href="/np/categories/501449" data-el="health">과일/야채음료</a></li>
                                            <li><a href="/np/categories/501450" data-el="health">히알루론산/콜라겐</a></li>
                                            <li><a href="/np/categories/501451" data-el="health">석류</a></li>
                                            <li><a href="/np/categories/310760" data-el="health">기타다이어트식품</a></li>
                                        </ul>
                                    </li>
                                    <li><a href="/np/categories/566996" data-el="health">영양식/선식<i class="si"></i></a>
                                        <ul class="tdl">
                                            <li><a href="/np/categories/566997" data-el="health">건강회복식</a></li>
                                            <li><a href="/np/categories/566998" data-el="health">성인분유</a></li>
                                            <li><a href="/np/categories/566999" data-el="health">기타영양식</a></li>
                                        </ul>
                                    </li>
                                    <li><a href="/np/categories/501398" data-el="health">어린이 건강식품<i class="si"></i></a>
                                        <ul class="tdl">
                                            <li><a href="/np/categories/501399" data-el="health">비타민/미네랄</a></li>
                                            <li><a href="/np/categories/501400" data-el="health">홍삼</a></li>
                                            <li><a href="/np/categories/501401" data-el="health">칼슘</a></li>
                                            <li><a href="/np/categories/501402" data-el="health">유산균/초유</a></li>
                                            <li><a href="/np/categories/501403" data-el="health">오메가</a></li>
                                            <li><a href="/np/categories/501404" data-el="health">기타 건강식품</a></li>
                                        </ul>
                                    </li>
                                    <li><a href="/np/categories/501452" data-el="health">홈트레이닝<i class="si"></i></a>
                                        <ul class="tdl">
                                            <li><a href="/np/categories/501453" data-el="health">스트레칭/마사지</a></li>
                                            <li><a href="/np/categories/501462" data-el="health">유산소</a></li>
                                            <li><a href="/np/categories/501469" data-el="health">근력</a></li>
                                            <li><a href="/np/categories/501478" data-el="health">보호대/체중계</a></li>
                                        </ul>
                                    </li>
                                    <li><a href="/np/categories/334193" data-el="health">헬스/요가용품<i class="si"></i></a>
                                        <ul class="tdl">
                                            <li><a href="/np/categories/334194" data-el="health">요가/필라테스</a></li>
                                            <li><a href="/np/categories/334208" data-el="health">근력운동</a></li>
                                            <li><a href="/np/categories/334236" data-el="health">유산소운동</a></li>
                                            <li><a href="/np/categories/334251" data-el="health">스트레칭/균형</a></li>
                                            <li><a href="/np/categories/334259" data-el="health">헬스소품/보호대</a></li>
                                            <li><a href="/np/categories/334270" data-el="health">운동측정용품</a></li>
                                            <li><a href="/np/categories/376551" data-el="health">부위별 운동용품</a></li>
                                        </ul>
                                    </li>
                                    <li><a href="/np/categories/310834" data-el="health">건강가전<i class="si"></i></a>
                                        <ul class="tdl">
                                            <li><a href="/np/categories/310835" data-el="health">안마/찜질기</a></li>
                                            <li><a href="/np/categories/501485" data-el="health">공기청정기/가습기</a></li>
                                            <li><a href="/np/categories/310850" data-el="health">손소독/살균기</a></li>
                                            <li><a href="/np/categories/310841" data-el="health">전동칫솔/살균기</a></li>
                                            <li><a href="/np/categories/310846" data-el="health">비데</a></li>
                                        </ul>
                                    </li>
                                    <li><a href="/np/categories/310856" data-el="health">건강도서<i class="si"></i></a>
                                        <ul class="tdl">
                                            <li><a href="/np/categories/310857" data-el="health">다이어트</a></li>
                                            <li><a href="/np/categories/310858" data-el="health">요가/체조/기타</a></li>
                                            <li><a href="/np/categories/310860" data-el="health">한의학/한방치료</a></li>
                                            <li><a href="/np/categories/310861" data-el="health">건강에세이</a></li>
                                            <li><a href="/np/categories/310862" data-el="health">건강/다이어트요리</a></li>
                                            <li><a href="/np/categories/310863" data-el="health">해외건강도서</a></li>
                                        </ul>
                                    </li>
                                    <li class="mc"><a href="/np/categories/310885">더보기</a></li>
                                </ul>
                                <span class="gnb-banner" style="background:#FFF" data-sentry-component="Banner"
                                      data-sentry-source-file="Banner.tsx"><a
                                        href="https://www.coupang.com/np/siteWideEvent?mlpPageId=1381" title="헬스/건강식품"
                                        data-el="health">헬스/건강식품</a><img loading="lazy" alt="헬스/건강식품"
                                                                         src="https://image7.coupangcdn.com/image/displayitem/displayitem_0693b0b4-1879-46ec-871e-2700d8ba9e0c.jpg"/></span>
                            </div>
                        </li>
                    </ul>
                    <div class="fw-hidden">티켓</div>
                    <ul class="menu ticket-menu-list fd">
                        <li class="travel-leisure" data-sentry-component="Travel" data-sentry-source-file="Travel.tsx">
                            <a href="https://trip.coupang.com?channel=category">여행/티켓<i class="in"></i><i
                                    class="si"></i></a>
                            <div class="depth">
                                <div class="travel-category-nav"><a href="https://trip.coupang.com?channel=category"
                                                                    class="travel-home">여행 홈 바로가기</a>
                                    <p class="travel-leisure">국내여행</p>
                                    <ul class="travel-sdl sdl">
                                        <li><a href="/np/categories/396467" data-el="Tickets _passes">티켓/패스<i
                                                class="si"></i></a>
                                            <ul class="travel-tdl tdl">
                                                <li><a href="/np/categories/396471" data-el="Themepark">테마파크</a></li>
                                                <li><a href="/np/categories/396478" data-el="Hotel_Buffet">E쿠폰/호텔뷔페</a>
                                                </li>
                                                <li><a href="/np/categories/396472" data-el="Waterpark">워터파크/스파</a></li>
                                                <li><a href="/np/categories/396473"
                                                       data-el="Kids_Experience">키즈파크/키즈체험</a></li>
                                                <li><a href="/np/categories/487364"
                                                       data-el="Activity_Travel">액티비티/레저</a></li>
                                                <li><a href="/np/categories/396477" data-el="Culture">공연/전시</a></li>
                                                <li><a href="/np/categories/396476"
                                                       data-el="Cruise_Yacht">유람선/요트/승선권</a></li>
                                                <li><a href="/np/categories/487366" data-el="Experience_Travel">체험/원데이클래스</a>
                                                </li>
                                                <li><a href="/np/categories/396475" data-el="Jeju_Tickets">제주관광지</a>
                                                </li>
                                                <li><a href="/np/categories/487365" data-el="Golf_Travel">골프</a></li>
                                                <li><a href="/np/categories/487367"
                                                       data-el="ThemeCafe_Travel">테마카페/여행편의</a></li>
                                            </ul>
                                        </li>
                                        <li><a href="/np/categories/396466" data-el="Travel-Domestic">호텔/리조트</a></li>
                                        <li><a href="/np/categories/396465" data-el="Travel-Domestic">펜션/캠핑</a></li>
                                        <li><a href="/np/categories/396470" data-el="Domestic_Package">패키지여행/항공<i
                                                class="si"></i></a>
                                            <ul class="travel-tdl tdl">
                                                <li><a href="/np/categories/396482"
                                                       data-el="Airline_Round_trip">제주항공권</a></li>
                                                <li><a href="/np/categories/396483" data-el="Package_Jeju">제주여행</a></li>
                                                <li><a href="/np/categories/396484"
                                                       data-el="Package_Inland_bus">내륙버스여행</a></li>
                                                <li><a href="/np/categories/396485" data-el="Package_train">내륙기차여행</a>
                                                </li>
                                                <li><a href="/np/categories/396486" data-el="Island_trip">섬여행</a></li>
                                                <li><a href="/np/categories/397386" data-el="Package_self">내륙자유여행</a>
                                                </li>
                                            </ul>
                                        </li>
                                        <li><a href="/np/categories/396468" data-el="Car_rental">렌터카<i
                                                class="si"></i></a>
                                            <ul class="travel-tdl tdl">
                                                <li><a href="/np/categories/396479" data-el="rentalcar">제주</a></li>
                                                <li><a href="/np/categories/396519" data-el="Car_rental_National">부산</a>
                                                </li>
                                                <li><a href="/np/categories/396512" data-el="Car_rental_National">서울</a>
                                                </li>
                                                <li><a href="/np/categories/397383" data-el="Car_rental_National">광주</a>
                                                </li>
                                                <li><a href="/np/categories/396514" data-el="Car_rental_National">경기</a>
                                                </li>
                                                <li><a href="/np/categories/396515" data-el="Car_rental_National">강원</a>
                                                </li>
                                                <li><a href="/np/categories/396480" data-el="Car_rental_National">전국
                                                    렌터카</a></li>
                                            </ul>
                                        </li>
                                    </ul>
                                    <p class="travel-international">해외여행</p>
                                    <ul class="travel-sdl sdl">
                                        <li><a href="/np/categories/396554" data-el="Overseas_Package">패키지여행<i
                                                class="si"></i></a>
                                            <ul class="travel-tdl tdl">
                                                <li><a href="/np/categories/396560" data-el="Package_Japan">일본</a></li>
                                                <li><a href="/np/categories/396559" data-el="Package_SouthEastAsia">동남아시아/방콕/싱가포르</a>
                                                </li>
                                                <li><a href="/np/categories/396563" data-el="Package_South_Pacific">괌/사이판/호주</a>
                                                </li>
                                                <li><a href="/np/categories/396565" data-el="Package_Europe">유럽</a></li>
                                                <li><a href="/np/categories/396562" data-el="Package_THM">대만/홍콩/마카오</a>
                                                </li>
                                                <li><a href="/np/categories/396564" data-el="Package_Americas">미주/기타</a>
                                                </li>
                                                <li><a href="/np/categories/396561" data-el="Package_China">중국</a></li>
                                            </ul>
                                        </li>
                                        <li><a href="/np/categories/396555" data-el="Overseas_FIT">자유여행/항공<i
                                                class="si"></i></a>
                                            <ul class="travel-tdl tdl">
                                                <li><a href="/np/categories/396567" data-el="FIT_Japan">일본</a></li>
                                                <li><a href="/np/categories/396566" data-el="FIT_SouthEast_Asia">동남아시아/방콕/싱가포르</a>
                                                </li>
                                                <li><a href="/np/categories/396570"
                                                       data-el="FIT_South_Pacific">괌/사이판/호주</a></li>
                                                <li><a href="/np/categories/396571" data-el="FIT_EAH">유럽/미주/하와이</a></li>
                                                <li><a href="/np/categories/396569" data-el="FIT_THM">대만/홍콩/마카오</a></li>
                                                <li><a href="/np/categories/396581" data-el="Airline_Recommened">추천
                                                    항공권</a></li>
                                            </ul>
                                        </li>
                                        <li><a href="/np/categories/396556" data-el="Overseas_Ticket">티켓/패스/현지투어<i
                                                class="si"></i></a>
                                            <ul class="travel-tdl tdl">
                                                <li><a href="/np/categories/396573" data-el="Ticket_Japan">일본</a></li>
                                                <li><a href="/np/categories/396576" data-el="Ticket_SouthEast_Asia">동남아시아/방콕/싱가포르</a>
                                                </li>
                                                <li><a href="/np/categories/396577" data-el="Ticket_South_Pacific">괌/사이판/호주</a>
                                                </li>
                                                <li><a href="/np/categories/396579" data-el="Ticket_Europe">유럽</a></li>
                                                <li><a href="/np/categories/396578" data-el="Ticket_Americas_Hawaii">미주/하와이</a>
                                                </li>
                                                <li><a href="/np/categories/396575" data-el="Ticket_Taiwan">대만</a></li>
                                                <li><a href="/np/categories/396574" data-el="Ticket_CHM">홍콩/중국/마카오</a>
                                                </li>
                                            </ul>
                                        </li>
                                        <li><a href="/np/categories/396558" data-el="Overseas_Hotel">호텔</a></li>
                                        <li><a href="/np/categories/396580" data-el="Onlinetour-airticket">실시간항공권</a>
                                        </li>
                                    </ul>
                                </div>
                                <span class="gnb-banner" style="background:#FFF" data-sentry-component="Banner"
                                      data-sentry-source-file="Banner.tsx"><a href="https://pages.coupang.com/p/145121"
                                                                              title="국내여행" data-el="Travel-Domestic">국내여행</a><img
                                        loading="lazy" alt="국내여행"
                                        src="https://image6.coupangcdn.com/image/displayitem/displayitem_00da896c-2a7c-4db7-b4e6-f8828ceb6021.jpg"/></span>
                            </div>
                        </li>
                    </ul>
                    <div class="fw-hidden">테마관</div>
                    <ul class="menu theme-menu-list menu-divider fd" data-sentry-component="ThemeCategory"
                        data-sentry-source-file="ThemeCategory.tsx">
                        <li class="theme-store"><a class="fw-cursor-pointer">테마관<i class="in"></i><i class="si"></i></a>
                            <div class="depth">
                                <ul class="sdl">
                                    <li><a href="/np/campaigns/18530">R.LUX<!-- --> <!-- --> </a></li>
                                    <li><a href="/np/campaigns/3884">로켓설치<!-- --> <!-- --> </a></li>
                                    <li><a href="/np/campaigns/2318">공간별 집꾸미기<!-- --> <!-- --> </a></li>
                                    <li><a href="/np/campaigns/13570">헬스케어 전문관<!-- --> <!-- --> </a></li>
                                    <li><a href="/np/campaigns/1440">쿠팡 Only<!-- --> <!-- --> </a></li>
                                    <li><a href="/np/categories/433784">싱글라이프<!-- --> <!-- --> <i class="si"></i></a>
                                        <ul class="tdl">
                                            <li><a href="/np/categories/433785">청소기/소형가전</a></li>
                                            <li><a href="/np/categories/433797">세제/화장지</a></li>
                                            <li><a href="/np/categories/433841">샤워/세안</a></li>
                                            <li><a href="/np/categories/433870">세탁/청소용품</a></li>
                                            <li><a href="/np/categories/433889">방범/호신용품</a></li>
                                            <li><a href="/np/categories/433907">샐러드/시리얼</a></li>
                                            <li><a href="/np/categories/433973">즉석식품/라면</a></li>
                                            <li><a href="/np/categories/434014">반찬/간편조리식품</a></li>
                                            <li><a href="/np/categories/434162">간식/베이커리</a></li>
                                        </ul>
                                    </li>
                                    <li><a href="/np/campaigns/11354">악기전문관<!-- --> <!-- --> </a></li>
                                    <li><a href="/np/categories/416130">결혼준비<!-- --> <!-- --> <i class="si"></i></a>
                                        <ul class="tdl">
                                            <li><a href="/np/categories/416131">가전</a></li>
                                            <li><a href="/np/categories/416248">가구/침구</a></li>
                                            <li><a href="/np/categories/416452">주방용품</a></li>
                                            <li><a href="/np/categories/416709">인테리어/소품</a></li>
                                            <li><a href="/np/categories/417087">웨딩촬영</a></li>
                                            <li><a href="/np/categories/417095">이벤트용품</a></li>
                                            <li><a href="/np/categories/417142">웨딩케어</a></li>
                                        </ul>
                                    </li>
                                    <li><a href="/np/categories/410273">아트/공예<!-- --> <!-- --> <i class="si"></i></a>
                                        <ul class="tdl">
                                            <li><a href="/np/categories/410274">미술/화방용품</a></li>
                                            <li><a href="/np/categories/410506">DIY소품만들기</a></li>
                                            <li><a href="/np/categories/410798">손뜨개/자수</a></li>
                                            <li><a href="/np/categories/410837">옷만들기/미싱</a></li>
                                            <li><a href="/np/categories/410924">데코/포장용품</a></li>
                                            <li><a href="/np/categories/410975">파티/이벤트</a></li>
                                            <li><a href="/np/categories/411023">미술/DIY도서</a></li>
                                            <li><a href="/np/categories/411038">정리/수납용품</a></li>
                                        </ul>
                                    </li>
                                    <li><a href="/np/campaigns/17593">미세먼지용품<!-- --> <!-- --> </a></li>
                                    <li><a href="/np/categories/316168">홈카페<!-- --> <!-- --> <i class="si"></i></a>
                                        <ul class="tdl">
                                            <li><a href="/np/categories/316169">원두/커피</a></li>
                                            <li><a href="/np/categories/488176">커피믹스</a></li>
                                            <li><a href="/np/categories/411234">차/티백</a></li>
                                            <li><a href="/np/categories/316179">카페시럽</a></li>
                                            <li><a href="/np/categories/316199">커피머신/커피메이커</a></li>
                                            <li><a href="/np/categories/411299">티포트/전기포트</a></li>
                                            <li><a href="/np/categories/411304">제빙기/블렌더</a></li>
                                            <li><a href="/np/categories/411313">로스터/그라인더</a></li>
                                            <li><a href="/np/categories/411316">커피머신 액세서리</a></li>
                                            <li><a href="/np/categories/411322">드립커피용품</a></li>
                                            <li><a href="/np/categories/411328">라떼용품</a></li>
                                            <li><a href="/np/categories/411332">티용품</a></li>
                                            <li><a href="/np/categories/316206">컵/잔/텀블러</a></li>
                                            <li class="mc"><a href="/np/categories/411345">더보기</a></li>
                                        </ul>
                                    </li>
                                    <li><a href="/np/categories/383370">실버스토어<!-- --> <!-- --> <i class="si"></i></a>
                                        <ul class="tdl">
                                            <li><a href="/np/categories/383371">활동보조</a></li>
                                            <li><a href="/np/categories/383377">위생/변기용품</a></li>
                                            <li><a href="/np/categories/383391">목욕보조</a></li>
                                            <li><a href="/np/categories/383404">건강관리</a></li>
                                            <li><a href="/np/categories/383454">재활/운동기구</a></li>
                                            <li><a href="/np/categories/383472">간병/보조용품</a></li>
                                            <li><a href="/np/categories/383482">병원/의료용품</a></li>
                                            <li><a href="/np/categories/383492">생활편의</a></li>
                                            <li><a href="/np/categories/383497">의류/신발</a></li>
                                            <li><a href="/np/categories/383506">온수/전기매트</a></li>
                                            <li><a href="/np/categories/383573">환자식/건강식품</a></li>
                                            <li><a href="/np/categories/383615">안전용품</a></li>
                                            <li><a href="/np/categories/383619">식사관련용품</a></li>
                                        </ul>
                                    </li>
                                    <li><a href="/np/campaigns/17993">로켓펫닥터<!-- --> <!-- --> </a></li>
                                </ul>
                            </div>
                        </li>
                    </ul>
                    <ul class="menu ingress-menu-list fd">
                        <li class="ingress-point"><a
                                href="https://wing.coupang.com/tenants/vendor-signup/signup?utm_source=button_pc_coupang_app_category_3&amp;utm_medium=non_paid&amp;utm_id=onsite_ca&amp;utm_content=20240328"
                                data-el="seller_signup">입점/판매 신청</a></li>
                    </ul>
                </div>
                <div class="fw-absolute fw-left-0 fw-top-[114px] fw-z-10 fw-hidden fw-w-[220px] fw-overflow-auto fw-bg-white fw-shadow-md"
                     id="wa-mobile-category" style="z-index:9999" data-sentry-component="MobileCategory"
                     data-sentry-source-file="MobileCategory.tsx">
                    <div id="wa-mobile-category-language"></div>
                    <div id="wa-category-list-wrap"></div>
                    <div id="wa-mobile-category-app-links"></div>
                </div>
            </div>
            <div class="fw-flex fw-flex-1 fw-flex-col max-s1024:fw-h-[48px]">
                <div class="fw-ml-[16px] fw-flex fw-items-center fw-justify-between max-s1024:fw-h-[48px] s1024:fw-ml-[30px] s1024:fw-mt-[20px]">
                    <a href="https://www.coupang.com" class="fw-mr-[25px] fw-inline-block fw-flex-none"><img
                            loading="lazy" class="fw-h-[23px] fw-w-[101px] s1024:fw-h-[36px] s1024:fw-w-[154px]"
                            src="//image7.coupangcdn.com/image/coupang/common/logo_coupang_w350.png" alt="Coupang"/></a>
                    <form id="wa-search-form"
                          class="product-search search-form fw-flex fw-flex-1 fw-items-center fw-border-0 fw-hidden s1024:fw-flex fw-border-2"
                          data-sentry-component="Search" data-sentry-source-file="Search.tsx" action="/np/search">
                        <div class="select--category fw-w-[90px] s500:fw-w-[135px]"><span
                                class="select--category--button"></span><a class="select--category__current"
                                                                           id="currentCategoryText">전체</a></div>
                        <div class="header-searchForm fw-relative fw-flex-1"><input type="text" maxLength="49"
                                                                                    placeholder="찾고 싶은 상품을 검색해보세요!"
                                                                                    class="headerSearchKeyword coupang-search fw-h-full fw-w-full fw-bg-white fw-indent-[10px] fw-text-[14px] fw-outline-none"
                                                                                    title="쿠팡 상품 검색" autoComplete="off"
                                                                                    name="q" value="일본과자"/>
                            <div class="headerPopupWords popularity-words" style="z-index:9999">
                                <div class="autocomplete_wrap"></div>
                                <div class="history-btns"><span
                                        class="delete-all-kwdhistory del-button">전체삭제</span><span
                                        class="history-on-off on">최근검색어끄기</span></div>
                            </div>
                        </div>
                        <a class="speech-mic fw-mr-[12px] fw-hidden fw-flex-none fw-cursor-pointer"></a>
                        <button type="submit" class="headerSearchBtn fw-mr-[12px] fw-inline-block fw-flex-none"
                                title="검색"><img loading="lazy" alt="" width="20" height="21"
                                                src="https://front.coupangcdn.com/front-web-next/_next/static/media/search.85cd3dbf.png"/>
                        </button>
                        <input type="hidden" name="channel" value="user"/></form>
                    <ul class="icon-menus fw-flex" data-sentry-component="MyCart" data-sentry-source-file="MyCart.tsx">
                        <li class="my-coupang fw-group fw-relative fw-mx-[24px] fw-flex"><a id="wa-mycoupang-link"
                                                                                            href="https://mc.coupang.com/ssr/desktop/order/list"
                                                                                            data-log="{ id: &#x27;mycoupang&#x27;}"><img
                                loading="lazy" alt=""
                                class="fw-h-[36px] fw-w-[36px] s1024:fw-h-[44px] s1024:fw-w-[44px]"
                                src="https://front.coupangcdn.com/front-web-next/_next/static/media/person.07e45e52.png"/>
                            <div class="fw-hidden fw-text-center s1024:fw-block">마이쿠팡</div>
                        </a>
                            <p class="my-coupang-menu fw-top-[29px] fw-hidden group-hover:fw-block s1024:fw-top-[52px]"
                               style="z-index:9999"><span class="wrapper"><i class="arrow"></i><a
                                    href="https://mc.coupang.com/ssr/desktop/order/list"
                                    data-log="{ id: &#x27;mycoupang_1&#x27;}">주문목록</a><a
                                    href="https://mc.coupang.com/ssr/desktop/cancel-return-exchange/list"
                                    data-log="{ id: &#x27;mycoupang_2&#x27;}">취소/반품</a><a
                                    href="//wish-web.coupang.com/wishInitView.pang"
                                    data-log="{ id: &#x27;mycoupang_4&#x27;}">찜 리스트</a></span></p></li>
                        <li class="cart w-mr-0 fw-relative fw-flex s1024:fw-mr-[10px]" id="wa-cart-menu"><a
                                id="wa-cart-link" href="//cart.coupang.com/cartView.pang"
                                data-log="{ id: &#x27;cart&#x27; }"><img loading="lazy"
                                                                         src="https://front.coupangcdn.com/front-web-next/_next/static/media/cart.ccef8f9e.png"
                                                                         class="fw-h-[36px] fw-w-[36px] s1024:fw-h-[44px] s1024:fw-w-[44px]"
                                                                         alt=""/><em id="headerCartCount"
                                                                                     class="fw-right-[-4px] fw-top-[-4px]"></em>
                            <div class="fw-hidden fw-text-center s1024:fw-block">장바구니</div>
                        </a>
                            <div class="fw-top-[29px] fw-hidden s1024:fw-top-[52px]" style="z-index:9999"
                                 id="wa-cart-preview"><span class="wrapper"><i class="arrow"></i><div
                                    id="wa-cart-content"><div class="loader-wrapper"><span class="loader"></span></div></div><div
                                    id="wa-cart-empty"><ul><li class="empty-cart">장바구니에 담긴 상품이 없습니다.</li></ul></div><a
                                    href="//cart.coupang.com/cartView.pang"
                                    id="wa-cart-btn"><span><span>장바구니 전체보기</span><i
                                    class="blue-arrow"></i></span></a></span></div>
                        </li>
                    </ul>
                </div>
                <div class="fw-mt-[8px] fw-hidden fw-items-center fw-justify-between s1024:fw-flex">
                    <div id="quick-category-pc" class=" gnb-menu-container fw-hidden fw-pl-[20px] s600:fw-block"
                         data-sentry-component="QuickCategory" data-sentry-source-file="QuickCategory.tsx"><a
                            class="gnb-menu-btn gnb-menu-btn-left" tabindex="0"><span></span></a>
                        <div class="fw-w-0">
                            <ul class="gnb-menu-scroll">
                                <li class="gnb-menu-item"><a href="https://www.coupangplay.com/catalog" class=""
                                                             data-log="{ id:&#x27;gnb_menu_item_GNB_V2&#x27;, param:{sectionId:&#x27;coupangplay&#x27;} }"
                                                             target="_blank"><img loading="lazy"
                                                                                  class="gnb-menu-item__icon"
                                                                                  alt="쿠팡플레이"
                                                                                  src="https://image7.coupangcdn.com/image/coupang/home/icons/web/kr/coupang-play.png"/><span>쿠팡플레이</span></a>
                                </li>
                                <li class="gnb-menu-item"><a href="https://www.coupang.com/np/campaigns/82" class=""
                                                             data-log="{ id:&#x27;gnb_menu_item_GNB_V2&#x27;, param:{sectionId:&#x27;rocketdelivery&#x27;} }"><img
                                        loading="lazy" class="gnb-menu-item__icon" alt="로켓배송"
                                        src="https://image8.coupangcdn.com/image/coupang/home/icons/web/kr/rocket-delivery.png"/><span>로켓배송</span></a>
                                </li>
                                <li class="gnb-menu-item"><a href="https://www.coupang.com/np/categories/393760"
                                                             class=""
                                                             data-log="{ id:&#x27;gnb_menu_item_GNB_V2&#x27;, param:{sectionId:&#x27;rocketfresh&#x27;} }"><img
                                        loading="lazy" class="gnb-menu-item__icon" alt="로켓프레시"
                                        src="https://image7.coupangcdn.com/image/coupang/home/icons/web/kr/rocket-fresh.png"/><span>로켓프레시</span></a>
                                </li>
                                <li class="gnb-menu-item"><a
                                        href="https://www.coupang.com/np/fbi?sourceType=home_section_fbi" class=""
                                        data-log="{ id:&#x27;gnb_menu_item_GNB_V2&#x27;, param:{sectionId:&#x27;frequent_buy_item&#x27;} }"><img
                                        loading="lazy" class="gnb-menu-item__icon" alt="다시 구매"
                                        src="https://image10.coupangcdn.com/image/coupang/common/fbi_icon_3x.png"/><span>다시 구매</span><i
                                        class="in in-exposure" data-new-tag-exposure-mills="2592000000"></i></a></li>
                                <li class="gnb-menu-item"><a
                                        href="https://login.coupang.com/corporation/member/landing-page" class=""
                                        data-log="{ id:&#x27;gnb_menu_item_GNB_V2&#x27;, param:{sectionId:&#x27;businessmall_landing&#x27;} }"><img
                                        loading="lazy" class="gnb-menu-item__icon" alt="쿠팡비즈"
                                        src="https://image6.coupangcdn.com/image/coupang/home/icons/web/kr/biz.png"/><span>쿠팡비즈</span></a>
                                </li>
                                <li class="gnb-menu-item"><a href="https://www.coupang.com/np/coupangglobal" class=""
                                                             data-log="{ id:&#x27;gnb_menu_item_GNB_V2&#x27;, param:{sectionId:&#x27;coupangglobal&#x27;} }"><img
                                        loading="lazy" class="gnb-menu-item__icon" alt="로켓직구"
                                        src="https://image10.coupangcdn.com/image/coupang/home/icons/web/kr/oversea-delivery.png"/><span>로켓직구</span></a>
                                </li>
                                <li class="gnb-menu-item"><a href="https://www.coupang.com/np/goldbox" class=""
                                                             data-log="{ id:&#x27;gnb_menu_item_GNB_V2&#x27;, param:{sectionId:&#x27;gold_box&#x27;} }"><img
                                        loading="lazy" class="gnb-menu-item__icon" alt="골드박스"
                                        src="https://image8.coupangcdn.com/image/coupang/home/icons/web/kr/gold-box.png"/><span>골드박스</span></a>
                                </li>
                                <li class="gnb-menu-item"><a href="https://pages.coupang.com/p/136938" class=""
                                                             data-log="{ id:&#x27;gnb_menu_item_GNB_V2&#x27;, param:{sectionId:&#x27;null&#x27;} }"><img
                                        loading="lazy" class="gnb-menu-item__icon" alt="이달의신상"
                                        src="https://image8.coupangcdn.com/image/coupang/home/icons/web/kr/new-item-of-month.png"/><span>이달의신상</span></a>
                                </li>
                                <li class="gnb-menu-item"><a href="https://www.coupang.com/np/omp" class=""
                                                             data-log="{ id:&#x27;gnb_menu_item_GNB_V2&#x27;, param:{sectionId:&#x27;null&#x27;} }"><img
                                        loading="lazy" class="gnb-menu-item__icon" alt="판매자특가"
                                        src="https://image7.coupangcdn.com/image/coupang/home/icons/web/kr/omp.png"/><span>판매자특가</span></a>
                                </li>
                                <li class="gnb-menu-item"><a href="https://www.coupang.com/np/campaigns/83" class=""
                                                             data-log="{ id:&#x27;gnb_menu_item_GNB_V2&#x27;, param:{sectionId:&#x27;subscription&#x27;} }"><img
                                        loading="lazy" class="gnb-menu-item__icon" alt="와우회원할인"
                                        src="https://image6.coupangcdn.com/image/coupang/home/icons/web/kr/wow.png"/><span>와우회원할인</span></a>
                                </li>
                                <li class="gnb-menu-item"><a href="https://www.coupang.com/np/coupangbenefit" class=""
                                                             data-log="{ id:&#x27;gnb_menu_item_GNB_V2&#x27;, param:{sectionId:&#x27;coupangbenefit&#x27;} }"><img
                                        loading="lazy" class="gnb-menu-item__icon" alt="이벤트/쿠폰"
                                        src="https://image8.coupangcdn.com/image/coupang/home/icons/web/kr/benefit.png"/><span>이벤트/쿠폰</span></a>
                                </li>
                                <li class="gnb-menu-item"><a href="https://pages.coupang.com/p/54908" class=""
                                                             data-log="{ id:&#x27;gnb_menu_item_GNB_V2&#x27;, param:{sectionId:&#x27;null&#x27;} }"><img
                                        loading="lazy" class="gnb-menu-item__icon" alt="반품마켓"
                                        src="https://image7.coupangcdn.com/image/coupang/home/icons/web/kr/returned-market.png"/><span>반품마켓</span></a>
                                </li>
                                <li class="gnb-menu-item"><a href="https://pages.coupang.com/p/63240" class=""
                                                             data-log="{ id:&#x27;gnb_menu_item_GNB_V2&#x27;, param:{sectionId:&#x27;null&#x27;} }"><img
                                        loading="lazy" class="gnb-menu-item__icon" alt="착한상점"
                                        src="https://image6.coupangcdn.com/image/coupang/home/icons/web/kr/sustainable-market.png"/><span>착한상점</span><i
                                        class="in " data-new-tag-exposure-mills="0"></i></a></li>
                                <li class="gnb-menu-item"><a href="https://pages.coupang.com/p/bep" class=""
                                                             data-log="{ id:&#x27;gnb_menu_item_GNB_V2&#x27;, param:{sectionId:&#x27;exhibition&#x27;} }"><img
                                        loading="lazy" class="gnb-menu-item__icon" alt="기획전"
                                        src="https://image6.coupangcdn.com/image/coupang/home/icons/web/kr/event.png"/><span>기획전</span></a>
                                </li>
                                <li class="gnb-menu-item"><a href="https://trip.coupang.com/?channel=gnb" class=""
                                                             data-log="{ id:&#x27;gnb_menu_item_GNB_V2&#x27;, param:{sectionId:&#x27;null&#x27;} }"><img
                                        loading="lazy" class="gnb-menu-item__icon" alt="쿠팡트래블"
                                        src="https://image6.coupangcdn.com/image/coupang/home/icons/web/kr/travel.png"/><span>쿠팡트래블</span><i
                                        class="in " data-new-tag-exposure-mills="0"></i></a></li>
                                <li class="gnb-menu-item"><a
                                        href="https://wing.coupang.com/tenants/vendor-signup/signup?utm_source=button_pc_coupang_shortcut_1&amp;utm_medium=non_paid&amp;utm_id=onsite_ca&amp;utm_content=202411"
                                        class=""
                                        data-log="{ id:&#x27;gnb_menu_item_GNB_V2&#x27;, param:{sectionId:&#x27;null&#x27;} }"><img
                                        loading="lazy" class="gnb-menu-item__icon" alt="입점신청"
                                        src="https://image8.coupangcdn.com/image/coupang/home/icons/web/kr/sell-on-coupang.png"/><span>입점신청</span></a>
                                </li>
                            </ul>
                        </div>
                        <a class="gnb-menu-btn gnb-menu-btn-right gnb-menu-btn-active" tabindex="0"><span></span></a>
                    </div>
                </div>
            </div>
        </div>
        <div class="fw-block fw-border-b-[1px] fw-border-t-[1px] fw-border-[#C4CDD5] fw-p-[10px] s1024:fw-hidden">
            <form id="wa-search-form-tablet"
                  class="product-search search-form fw-flex fw-flex-1 fw-items-center fw-border-0  fw-border-2"
                  data-sentry-component="Search" data-sentry-source-file="Search.tsx" action="/np/search">
                <div class="select--category fw-w-[90px] s500:fw-w-[135px]"><span
                        class="select--category--button"></span><a class="select--category__current"
                                                                   id="currentCategoryText">전체</a></div>
                <div class="header-searchForm fw-relative fw-flex-1"><input type="text" maxLength="49"
                                                                            placeholder="찾고 싶은 상품을 검색해보세요!"
                                                                            class="headerSearchKeyword coupang-search fw-h-full fw-w-full fw-bg-white fw-indent-[10px] fw-text-[14px] fw-outline-none"
                                                                            title="쿠팡 상품 검색" autoComplete="off" name="q"
                                                                            value="일본과자"/>
                    <div class="headerPopupWords popularity-words" style="z-index:9999">
                        <div class="autocomplete_wrap"></div>
                        <div class="history-btns"><span class="delete-all-kwdhistory del-button">전체삭제</span><span
                                class="history-on-off on">최근검색어끄기</span></div>
                    </div>
                </div>
                <a class="speech-mic fw-mr-[12px] fw-hidden fw-flex-none fw-cursor-pointer"></a>
                <button type="submit" class="headerSearchBtn fw-mr-[12px] fw-inline-block fw-flex-none" title="검색"><img
                        loading="lazy" alt="" width="20" height="21"
                        src="https://front.coupangcdn.com/front-web-next/_next/static/media/search.85cd3dbf.png"/>
                </button>
                <input type="hidden" name="channel" value="user"/></form>
            <div class="srp-related-keywords fw-block fw-overflow-auto fw-whitespace-nowrap fw-pl-[10px] fw-pt-[5px] s600:fw-hidden"
                 data-sentry-component="RelatedKeywordLinks" data-sentry-source-file="RelatedKeywordLink.tsx"><a
                    title="일본과자모음" data-sentry-element="Link" data-sentry-component="LoadingLink"
                    data-sentry-source-file="LoadingLink.tsx"
                    href="https://www.coupang.com/np/search?q=%EC%9D%BC%EB%B3%B8%EA%B3%BC%EC%9E%90%EB%AA%A8%EC%9D%8C&amp;channel=undefined">일본과자모음</a><a
                    title="일본과자직구" data-sentry-element="Link" data-sentry-component="LoadingLink"
                    data-sentry-source-file="LoadingLink.tsx"
                    href="https://www.coupang.com/np/search?q=%EC%9D%BC%EB%B3%B8%EA%B3%BC%EC%9E%90%EC%A7%81%EA%B5%AC&amp;channel=undefined">일본과자직구</a><a
                    title="일본과자" data-sentry-element="Link" data-sentry-component="LoadingLink"
                    data-sentry-source-file="LoadingLink.tsx"
                    href="https://www.coupang.com/np/search?q=%EC%9D%BC%EB%B3%B8%EA%B3%BC%EC%9E%90&amp;channel=undefined">일본과자</a><a
                    title="과자" data-sentry-element="Link" data-sentry-component="LoadingLink"
                    data-sentry-source-file="LoadingLink.tsx"
                    href="https://www.coupang.com/np/search?q=%EA%B3%BC%EC%9E%90&amp;channel=undefined">과자</a><a
                    title="일본간식" data-sentry-element="Link" data-sentry-component="LoadingLink"
                    data-sentry-source-file="LoadingLink.tsx"
                    href="https://www.coupang.com/np/search?q=%EC%9D%BC%EB%B3%B8%EA%B0%84%EC%8B%9D&amp;channel=undefined">일본간식</a><a
                    title="일본과자안주" data-sentry-element="Link" data-sentry-component="LoadingLink"
                    data-sentry-source-file="LoadingLink.tsx"
                    href="https://www.coupang.com/np/search?q=%EC%9D%BC%EB%B3%B8%EA%B3%BC%EC%9E%90%EC%95%88%EC%A3%BC&amp;channel=undefined">일본과자안주</a><a
                    title="일본" data-sentry-element="Link" data-sentry-component="LoadingLink"
                    data-sentry-source-file="LoadingLink.tsx"
                    href="https://www.coupang.com/np/search?q=%EC%9D%BC%EB%B3%B8&amp;channel=undefined">일본</a><a
                    title="일본쌀과자" data-sentry-element="Link" data-sentry-component="LoadingLink"
                    data-sentry-source-file="LoadingLink.tsx"
                    href="https://www.coupang.com/np/search?q=%EC%9D%BC%EB%B3%B8%EC%8C%80%EA%B3%BC%EC%9E%90&amp;channel=undefined">일본쌀과자</a><a
                    title="일본식품" data-sentry-element="Link" data-sentry-component="LoadingLink"
                    data-sentry-source-file="LoadingLink.tsx"
                    href="https://www.coupang.com/np/search?q=%EC%9D%BC%EB%B3%B8%EC%8B%9D%ED%92%88&amp;channel=undefined">일본식품</a><a
                    title="모리나가쿠키" data-sentry-element="Link" data-sentry-component="LoadingLink"
                    data-sentry-source-file="LoadingLink.tsx"
                    href="https://www.coupang.com/np/search?q=%EB%AA%A8%EB%A6%AC%EB%82%98%EA%B0%80%EC%BF%A0%ED%82%A4&amp;channel=undefined">모리나가쿠키</a>
            </div>
        </div>
        <div class="fw-mt-[8px] fw-hidden fw-items-center fw-justify-between s768:fw-flex s1024:fw-hidden">
            <div id="quick-category-tablet" class=" gnb-menu-container fw-hidden fw-pl-[20px] s600:fw-block"
                 data-sentry-component="QuickCategory" data-sentry-source-file="QuickCategory.tsx"><a
                    class="gnb-menu-btn gnb-menu-btn-left" tabindex="0"><span></span></a>
                <div class="fw-w-0">
                    <ul class="gnb-menu-scroll">
                        <li class="gnb-menu-item"><a href="https://www.coupangplay.com/catalog" class=""
                                                     data-log="{ id:&#x27;gnb_menu_item_GNB_V2&#x27;, param:{sectionId:&#x27;coupangplay&#x27;} }"
                                                     target="_blank"><img loading="lazy" class="gnb-menu-item__icon"
                                                                          alt="쿠팡플레이"
                                                                          src="https://image7.coupangcdn.com/image/coupang/home/icons/web/kr/coupang-play.png"/><span>쿠팡플레이</span></a>
                        </li>
                        <li class="gnb-menu-item"><a href="https://www.coupang.com/np/campaigns/82" class=""
                                                     data-log="{ id:&#x27;gnb_menu_item_GNB_V2&#x27;, param:{sectionId:&#x27;rocketdelivery&#x27;} }"><img
                                loading="lazy" class="gnb-menu-item__icon" alt="로켓배송"
                                src="https://image8.coupangcdn.com/image/coupang/home/icons/web/kr/rocket-delivery.png"/><span>로켓배송</span></a>
                        </li>
                        <li class="gnb-menu-item"><a href="https://www.coupang.com/np/categories/393760" class=""
                                                     data-log="{ id:&#x27;gnb_menu_item_GNB_V2&#x27;, param:{sectionId:&#x27;rocketfresh&#x27;} }"><img
                                loading="lazy" class="gnb-menu-item__icon" alt="로켓프레시"
                                src="https://image7.coupangcdn.com/image/coupang/home/icons/web/kr/rocket-fresh.png"/><span>로켓프레시</span></a>
                        </li>
                        <li class="gnb-menu-item"><a href="https://www.coupang.com/np/fbi?sourceType=home_section_fbi"
                                                     class=""
                                                     data-log="{ id:&#x27;gnb_menu_item_GNB_V2&#x27;, param:{sectionId:&#x27;frequent_buy_item&#x27;} }"><img
                                loading="lazy" class="gnb-menu-item__icon" alt="다시 구매"
                                src="https://image10.coupangcdn.com/image/coupang/common/fbi_icon_3x.png"/><span>다시 구매</span><i
                                class="in in-exposure" data-new-tag-exposure-mills="2592000000"></i></a></li>
                        <li class="gnb-menu-item"><a href="https://login.coupang.com/corporation/member/landing-page"
                                                     class=""
                                                     data-log="{ id:&#x27;gnb_menu_item_GNB_V2&#x27;, param:{sectionId:&#x27;businessmall_landing&#x27;} }"><img
                                loading="lazy" class="gnb-menu-item__icon" alt="쿠팡비즈"
                                src="https://image6.coupangcdn.com/image/coupang/home/icons/web/kr/biz.png"/><span>쿠팡비즈</span></a>
                        </li>
                        <li class="gnb-menu-item"><a href="https://www.coupang.com/np/coupangglobal" class=""
                                                     data-log="{ id:&#x27;gnb_menu_item_GNB_V2&#x27;, param:{sectionId:&#x27;coupangglobal&#x27;} }"><img
                                loading="lazy" class="gnb-menu-item__icon" alt="로켓직구"
                                src="https://image10.coupangcdn.com/image/coupang/home/icons/web/kr/oversea-delivery.png"/><span>로켓직구</span></a>
                        </li>
                        <li class="gnb-menu-item"><a href="https://www.coupang.com/np/goldbox" class=""
                                                     data-log="{ id:&#x27;gnb_menu_item_GNB_V2&#x27;, param:{sectionId:&#x27;gold_box&#x27;} }"><img
                                loading="lazy" class="gnb-menu-item__icon" alt="골드박스"
                                src="https://image8.coupangcdn.com/image/coupang/home/icons/web/kr/gold-box.png"/><span>골드박스</span></a>
                        </li>
                        <li class="gnb-menu-item"><a href="https://pages.coupang.com/p/136938" class=""
                                                     data-log="{ id:&#x27;gnb_menu_item_GNB_V2&#x27;, param:{sectionId:&#x27;null&#x27;} }"><img
                                loading="lazy" class="gnb-menu-item__icon" alt="이달의신상"
                                src="https://image8.coupangcdn.com/image/coupang/home/icons/web/kr/new-item-of-month.png"/><span>이달의신상</span></a>
                        </li>
                        <li class="gnb-menu-item"><a href="https://www.coupang.com/np/omp" class=""
                                                     data-log="{ id:&#x27;gnb_menu_item_GNB_V2&#x27;, param:{sectionId:&#x27;null&#x27;} }"><img
                                loading="lazy" class="gnb-menu-item__icon" alt="판매자특가"
                                src="https://image7.coupangcdn.com/image/coupang/home/icons/web/kr/omp.png"/><span>판매자특가</span></a>
                        </li>
                        <li class="gnb-menu-item"><a href="https://www.coupang.com/np/campaigns/83" class=""
                                                     data-log="{ id:&#x27;gnb_menu_item_GNB_V2&#x27;, param:{sectionId:&#x27;subscription&#x27;} }"><img
                                loading="lazy" class="gnb-menu-item__icon" alt="와우회원할인"
                                src="https://image6.coupangcdn.com/image/coupang/home/icons/web/kr/wow.png"/><span>와우회원할인</span></a>
                        </li>
                        <li class="gnb-menu-item"><a href="https://www.coupang.com/np/coupangbenefit" class=""
                                                     data-log="{ id:&#x27;gnb_menu_item_GNB_V2&#x27;, param:{sectionId:&#x27;coupangbenefit&#x27;} }"><img
                                loading="lazy" class="gnb-menu-item__icon" alt="이벤트/쿠폰"
                                src="https://image8.coupangcdn.com/image/coupang/home/icons/web/kr/benefit.png"/><span>이벤트/쿠폰</span></a>
                        </li>
                        <li class="gnb-menu-item"><a href="https://pages.coupang.com/p/54908" class=""
                                                     data-log="{ id:&#x27;gnb_menu_item_GNB_V2&#x27;, param:{sectionId:&#x27;null&#x27;} }"><img
                                loading="lazy" class="gnb-menu-item__icon" alt="반품마켓"
                                src="https://image7.coupangcdn.com/image/coupang/home/icons/web/kr/returned-market.png"/><span>반품마켓</span></a>
                        </li>
                        <li class="gnb-menu-item"><a href="https://pages.coupang.com/p/63240" class=""
                                                     data-log="{ id:&#x27;gnb_menu_item_GNB_V2&#x27;, param:{sectionId:&#x27;null&#x27;} }"><img
                                loading="lazy" class="gnb-menu-item__icon" alt="착한상점"
                                src="https://image6.coupangcdn.com/image/coupang/home/icons/web/kr/sustainable-market.png"/><span>착한상점</span><i
                                class="in " data-new-tag-exposure-mills="0"></i></a></li>
                        <li class="gnb-menu-item"><a href="https://pages.coupang.com/p/bep" class=""
                                                     data-log="{ id:&#x27;gnb_menu_item_GNB_V2&#x27;, param:{sectionId:&#x27;exhibition&#x27;} }"><img
                                loading="lazy" class="gnb-menu-item__icon" alt="기획전"
                                src="https://image6.coupangcdn.com/image/coupang/home/icons/web/kr/event.png"/><span>기획전</span></a>
                        </li>
                        <li class="gnb-menu-item"><a href="https://trip.coupang.com/?channel=gnb" class=""
                                                     data-log="{ id:&#x27;gnb_menu_item_GNB_V2&#x27;, param:{sectionId:&#x27;null&#x27;} }"><img
                                loading="lazy" class="gnb-menu-item__icon" alt="쿠팡트래블"
                                src="https://image6.coupangcdn.com/image/coupang/home/icons/web/kr/travel.png"/><span>쿠팡트래블</span><i
                                class="in " data-new-tag-exposure-mills="0"></i></a></li>
                        <li class="gnb-menu-item"><a
                                href="https://wing.coupang.com/tenants/vendor-signup/signup?utm_source=button_pc_coupang_shortcut_1&amp;utm_medium=non_paid&amp;utm_id=onsite_ca&amp;utm_content=202411"
                                class=""
                                data-log="{ id:&#x27;gnb_menu_item_GNB_V2&#x27;, param:{sectionId:&#x27;null&#x27;} }"><img
                                loading="lazy" class="gnb-menu-item__icon" alt="입점신청"
                                src="https://image8.coupangcdn.com/image/coupang/home/icons/web/kr/sell-on-coupang.png"/><span>입점신청</span></a>
                        </li>
                    </ul>
                </div>
                <a class="gnb-menu-btn gnb-menu-btn-right gnb-menu-btn-active" tabindex="0"><span></span></a></div>
        </div>
    </div>
</div>
<div class="fw-relative">
    <article id="wa-sidebar" style="z-index:9900"
             class="fw-absolute fw-hidden srp-sidebar fw-top-[50px] s1024:fw-hidden s1300:fw-block"
             data-sentry-component="Sidebar" data-sentry-source-file="Sidebar.tsx">
        <section id="wa-recent-view" data-fodium="//reco.coupang.com">
            <div class="side-cart"><a href="//cart.coupang.com/cartView.pang"
                                      data-log="{&quot;logCategory&quot;:&quot;event&quot;, &quot;logType&quot;:&quot;click&quot;, &quot;logLabel&quot;:&quot;cart&quot;,&quot;grp&quot;:&quot;sideBar&quot;}"><span
                    class="fw-inline-block fw-text-[11px] fw-leading-[13px]">장바구니</span><em class="cart-count"></em></a>
            </div>
            <div class="recently-viewed-products"><span
                    class="fw-inline-block fw-text-[11px] fw-leading-[13px]">최근본상품</span><em class="total-element"></em>
            </div>
            <div class="recently-viewed-list">
                <ul class="recently-viewed-page"></ul>
                <p class="recent-viewed-paging"><span class="counter"><strong class="pageNumber"></strong>/<em
                        class="total-pages"></em></span><span class="recentlyViewedBtn"><a href="이전 페이지 보기"
                                                                                           class="move prev">prev</a><a
                        href="다음 페이지 보기" class="move next">next</a></span></p></div>
        </section>
    </article>
</div>
<div id="wa-goto-top" style="z-index:9950" class="!fw-bottom-[85px] fixed" data-sentry-component="GotoTop"
     data-sentry-source-file="GotoTop.tsx">
    <button class="goto-top__button"><i class="goto-top__arrow"></i></button>
</div>
<div id="wa-banners"></div>
<div style="z-index:9960" class="fw-fixed fw-top-0 fw-hidden fw-w-full fw-py-[29px] "
     data-sentry-component="StickSearchClient" data-sentry-source-file="StickSearchClient.tsx">
    <div class="fw-absolute fw-bottom-0 fw-left-0 fw-right-0 fw-top-0 -fw-z-10 fw-bg-white fw-opacity-90"></div>
    <div class="fw-flex fw-items-center "><img loading="lazy" class="fw-mr-[30px] fw-h-[41px] fw-w-[174px]"
                                               src="//image7.coupangcdn.com/image/coupang/common/logo_coupang_w350.png"
                                               alt="Coupang"/>
        <div class="fw-flex-1 fw-pr-[16px]">
            <form id="wa-sticky-search"
                  class="product-search search-form fw-flex fw-flex-1 fw-items-center fw-border-0  fw-border-2"
                  data-sentry-component="Search" data-sentry-source-file="Search.tsx" action="/np/search">
                <div class="select--category fw-w-[90px] s500:fw-w-[135px]"><span
                        class="select--category--button"></span><a class="select--category__current"
                                                                   id="currentCategoryText">전체</a></div>
                <div class="header-searchForm fw-relative fw-flex-1"><input type="text" maxLength="49"
                                                                            placeholder="찾고 싶은 상품을 검색해보세요!"
                                                                            class="headerSearchKeyword coupang-search fw-h-full fw-w-full fw-bg-white fw-indent-[10px] fw-text-[14px] fw-outline-none"
                                                                            title="쿠팡 상품 검색" autoComplete="off" name="q"
                                                                            value="일본과자"/>
                    <div class="headerPopupWords popularity-words" style="z-index:9999">
                        <div class="autocomplete_wrap"></div>
                        <div class="history-btns"><span class="delete-all-kwdhistory del-button">전체삭제</span><span
                                class="history-on-off on">최근검색어끄기</span></div>
                    </div>
                </div>
                <a class="speech-mic fw-mr-[12px] fw-hidden fw-flex-none fw-cursor-pointer"></a>
                <button type="submit" class="headerSearchBtn fw-mr-[12px] fw-inline-block fw-flex-none" title="검색"><img
                        loading="lazy" alt="" width="20" height="21"
                        src="https://front.coupangcdn.com/front-web-next/_next/static/media/search.85cd3dbf.png"/>
                </button>
                <input type="hidden" name="channel" value="user"/></form>
            <div class="srp-related-keywords fw-pl-[10px] fw-pt-[5px]" data-sentry-component="RelatedKeywordLinks"
                 data-sentry-source-file="RelatedKeywordLink.tsx"><a title="일본과자모음" data-sentry-element="Link"
                                                                     data-sentry-component="LoadingLink"
                                                                     data-sentry-source-file="LoadingLink.tsx"
                                                                     href="https://www.coupang.com/np/search?q=%EC%9D%BC%EB%B3%B8%EA%B3%BC%EC%9E%90%EB%AA%A8%EC%9D%8C&amp;channel=undefined">일본과자모음</a><a
                    title="일본과자직구" data-sentry-element="Link" data-sentry-component="LoadingLink"
                    data-sentry-source-file="LoadingLink.tsx"
                    href="https://www.coupang.com/np/search?q=%EC%9D%BC%EB%B3%B8%EA%B3%BC%EC%9E%90%EC%A7%81%EA%B5%AC&amp;channel=undefined">일본과자직구</a><a
                    title="일본과자" data-sentry-element="Link" data-sentry-component="LoadingLink"
                    data-sentry-source-file="LoadingLink.tsx"
                    href="https://www.coupang.com/np/search?q=%EC%9D%BC%EB%B3%B8%EA%B3%BC%EC%9E%90&amp;channel=undefined">일본과자</a><a
                    title="과자" data-sentry-element="Link" data-sentry-component="LoadingLink"
                    data-sentry-source-file="LoadingLink.tsx"
                    href="https://www.coupang.com/np/search?q=%EA%B3%BC%EC%9E%90&amp;channel=undefined">과자</a><a
                    title="일본간식" data-sentry-element="Link" data-sentry-component="LoadingLink"
                    data-sentry-source-file="LoadingLink.tsx"
                    href="https://www.coupang.com/np/search?q=%EC%9D%BC%EB%B3%B8%EA%B0%84%EC%8B%9D&amp;channel=undefined">일본간식</a><a
                    title="일본과자안주" data-sentry-element="Link" data-sentry-component="LoadingLink"
                    data-sentry-source-file="LoadingLink.tsx"
                    href="https://www.coupang.com/np/search?q=%EC%9D%BC%EB%B3%B8%EA%B3%BC%EC%9E%90%EC%95%88%EC%A3%BC&amp;channel=undefined">일본과자안주</a><a
                    title="일본" data-sentry-element="Link" data-sentry-component="LoadingLink"
                    data-sentry-source-file="LoadingLink.tsx"
                    href="https://www.coupang.com/np/search?q=%EC%9D%BC%EB%B3%B8&amp;channel=undefined">일본</a><a
                    title="일본쌀과자" data-sentry-element="Link" data-sentry-component="LoadingLink"
                    data-sentry-source-file="LoadingLink.tsx"
                    href="https://www.coupang.com/np/search?q=%EC%9D%BC%EB%B3%B8%EC%8C%80%EA%B3%BC%EC%9E%90&amp;channel=undefined">일본쌀과자</a><a
                    title="일본식품" data-sentry-element="Link" data-sentry-component="LoadingLink"
                    data-sentry-source-file="LoadingLink.tsx"
                    href="https://www.coupang.com/np/search?q=%EC%9D%BC%EB%B3%B8%EC%8B%9D%ED%92%88&amp;channel=undefined">일본식품</a><a
                    title="모리나가쿠키" data-sentry-element="Link" data-sentry-component="LoadingLink"
                    data-sentry-source-file="LoadingLink.tsx"
                    href="https://www.coupang.com/np/search?q=%EB%AA%A8%EB%A6%AC%EB%82%98%EA%B0%80%EC%BF%A0%ED%82%A4&amp;channel=undefined">모리나가쿠키</a>
            </div>
        </div>
    </div>
    <div style="position:absolute;bottom:-10px;left:0;width:100%;height:10px;background-repeat:repeat-x;background-image:url(https://img1a.coupangcdn.com/image/coupang/search/sp_bookmark.png)"></div>
    <div class="fw-ml-[615px] fw-cursor-pointer"
         style="position:absolute;bottom:-74px;left:50%;width:39px;height:74px;background-repeat:no-repeat;background-image:url(//img1a.coupangcdn.com/image/coupang/search/sp_floating_header_bookmark.png)"></div>
</div>
<section id="contents" class="fw-w-full max-[600px]:fw-overflow-hidden">
    <div class="srp_searchHeader__2JhUq">
        <div class="srp_searchHeaderContainer__RKd0Z">
            <div class="srp_breadcrumb__xzpUM">
                <ul>
                    <li><a data-sentry-element="Link" data-sentry-source-file="Breadcrumb.tsx"
                           href="/np/search?q=%EC%9D%BC%EB%B3%B8%EA%B3%BC%EC%9E%90&amp;channel=recent&amp;page=2">전체</a>
                        <svg class="srp_arrowIcon__bNaNA" width="12" height="13" viewBox="0 0 12 13" fill="none"
                             xmlns="http://www.w3.org/2000/svg" data-sentry-element="svg"
                             data-sentry-component="ArrowIcon" data-sentry-source-file="Breadcrumb.tsx">
                            <path d="M3.8859 2.15732C4.0606 1.9717 4.34367 1.94925 4.54434 2.09575L4.59268 2.1359L8.84268 6.1359C9.03746 6.31922 9.05137 6.61975 8.88442 6.81982L8.84268 6.8641L4.59268 10.8641C4.3916 11.0534 4.07516 11.0438 3.8859 10.8427C3.7112 10.6571 3.70593 10.3732 3.86432 10.1817L3.90732 10.1359L7.77 6.50001L3.90732 2.8641C3.7217 2.6894 3.69925 2.40634 3.84575 2.20566L3.8859 2.15732Z"
                                  fill="#AAB5C0" data-sentry-element="path"
                                  data-sentry-source-file="Breadcrumb.tsx"></path>
                        </svg>
                    </li>
                </ul>
                <span><strong>&#x27;<!-- -->일본과자<!-- -->&#x27;</strong></span></div>
            <div class="srp_flexPlaceholder__gUkif"></div>
        </div>
    </div>
    <div class="srp_pageContainer__CQGUY">
        <div class="fw-mx-auto fw-mb-[30px] fw-box-border fw-flex fw-w-full fw-max-w-[1300px] fw-gap-[20px] fw-bg-[#fff]">
            <div class="fw-relative fw-hidden fw-flex-col fw-flex-wrap fw-justify-between s600:fw-flex s600:fw-w-[200px]">
                <div class="srp_filter___eGun">
                    <div class="fw-inline" data-sentry-component="Loading" data-sentry-source-file="index.tsx">
                        <div data-sentry-element="Filter" data-sentry-source-file="FilterWrapper.tsx"
                             class="filter-function-bar filter-function-bar-shadow">
                            <div class="filter-function-bar-header"><h4>필터</h4></div>
                            <div data-sentry-element="FilterContainer" data-sentry-component="FilterContainer"
                                 data-sentry-source-file="FilterContainer.tsx"
                                 class="fw-border-solid fw-border-[#efefef] fw-px-[10px] fw-pb-[8px] fw-border-b fw-pt-[10px]">
                                <div class="filter-function-bar-list fold" data-sentry-component="FilterList"
                                     data-sentry-source-file="FilterList.tsx">
                                    <ul data-sentry-element="FilterList" data-sentry-source-file="ServiceFilter.tsx">
                                        <li data-sentry-element="FilterListItem" data-sentry-component="FilterListItem"
                                            data-sentry-source-file="FilterListItem.tsx"
                                            class="fw-list-none filter-function-bar-attribute filter-function-bar-service">
                                            <label data-component-name="deliveryFilterOption-rocket_luxury,rocket,coupang_global"
                                                   class=""><i class="filter-function-bar-asset"></i><span
                                                    class="service-filter"><img loading="lazy"
                                                                                src="https://image9.coupangcdn.com/image/badges/falcon/v1/web/rocket-all@2x.png"
                                                                                alt="rocket_luxury,rocket,coupang_global"/></span><span></span></label>
                                            <div class="filter-function-bar-list fold all"
                                                 data-sentry-component="FilterList"
                                                 data-sentry-source-file="FilterList.tsx">
                                                <ul>
                                                    <li data-sentry-element="FilterListItem"
                                                        data-sentry-component="FilterListItem"
                                                        data-sentry-source-file="FilterListItem.tsx"
                                                        class="fw-list-none filter-function-bar-attribute filter-function-bar-service">
                                                        <label data-component-name="deliveryFilterOption-rocket_luxury"
                                                               class="disabled"><i
                                                                class="filter-function-bar-asset"></i><span
                                                                class="service-filter sub"><img loading="lazy"
                                                                                                src="https://image10.coupangcdn.com/image/coupang/rds/logo/iphone_2x/rds_logo_rlux_light_101719300269126@2x.png"
                                                                                                alt="rocket_luxury"
                                                                                                style="height:10px"/></span><span>만 보기</span></label>
                                                    </li>
                                                    <li data-sentry-element="FilterListItem"
                                                        data-sentry-component="FilterListItem"
                                                        data-sentry-source-file="FilterListItem.tsx"
                                                        class="fw-list-none filter-function-bar-attribute filter-function-bar-service">
                                                        <label data-component-name="deliveryFilterOption-rocket"
                                                               class=""><i class="filter-function-bar-asset"></i><span
                                                                class="service-filter sub"><img loading="lazy"
                                                                                                src="https://image10.coupangcdn.com/image/badges/falcon/v1/web/txt_rocket@2x.png"
                                                                                                alt="rocket"/></span><span>만 보기</span></label>
                                                    </li>
                                                    <li data-sentry-element="FilterListItem"
                                                        data-sentry-component="FilterListItem"
                                                        data-sentry-source-file="FilterListItem.tsx"
                                                        class="fw-list-none filter-function-bar-attribute filter-function-bar-service">
                                                        <label data-component-name="deliveryFilterOption-coupang_global"
                                                               class=""><i class="filter-function-bar-asset"></i><span
                                                                class="service-filter sub"><img loading="lazy"
                                                                                                src="https://image10.coupangcdn.com/image/badges/falcon/v1/web/txt_jikgu@2x.png"
                                                                                                alt="coupang_global"/></span><span>만 보기</span></label>
                                                    </li>
                                                </ul>
                                            </div>
                                        </li>
                                        <li data-sentry-element="FilterListItem" data-sentry-component="FilterListItem"
                                            data-sentry-source-file="FilterListItem.tsx"
                                            class="fw-list-none filter-function-bar-attribute filter-function-bar-service">
                                            <label data-component-name="deliveryFilterOption-top_brand" class=""><i
                                                    class="filter-function-bar-asset"></i><span
                                                    class="service-filter"><img loading="lazy"
                                                                                src="https://image6.coupangcdn.com/image/badges/top_brand/c-avenue.svg"
                                                                                alt="top_brand"/></span><span></span></label>
                                        </li>
                                        <li data-sentry-element="FilterListItem" data-sentry-component="FilterListItem"
                                            data-sentry-source-file="FilterListItem.tsx"
                                            class="fw-list-none filter-function-bar-attribute filter-function-bar-service">
                                            <label data-component-name="deliveryFilterOption-free" class=""><i
                                                    class="filter-function-bar-asset"></i><span>무료배송</span><span></span></label>
                                        </li>
                                    </ul>
                                </div>
                            </div>
                            <div data-sentry-element="FilterContainer" data-sentry-component="FilterContainer"
                                 data-sentry-source-file="FilterContainer.tsx"
                                 class="fw-border-solid fw-border-[#efefef] fw-px-[10px] fw-pb-[8px] fw-border-b"><h5
                                    data-sentry-element="FilterTitle" data-sentry-source-file="FilterTitle.tsx"
                                    class="fw-font-bold fw-pt-[10px] fw-text-[16px]"
                                    data-sentry-component="FilterTitle">카테고리</h5>
                                <div class="filter-function-bar-list folding fold" data-sentry-component="FilterList"
                                     data-sentry-source-file="FilterList.tsx">
                                    <ul data-sentry-element="FilterList" data-sentry-source-file="CategoryFilter.tsx">
                                        <li data-sentry-element="FilterListItem" data-sentry-component="FilterListItem"
                                            data-sentry-source-file="FilterListItem.tsx"
                                            class="fw-list-none filter-function-bar-category"><label class=""><a
                                                href="https://www.coupang.comundefined">전체</a></label></li>
                                        <li data-sentry-element="FilterListItem" data-sentry-component="FilterListItem"
                                            data-sentry-source-file="FilterListItem.tsx"
                                            class="fw-list-none filter-function-bar-category"><label class=""><a
                                                href="https://www.coupang.com/np/categories/194276">식품</a></label></li>
                                        <li data-sentry-element="FilterListItem" data-sentry-component="FilterListItem"
                                            data-sentry-source-file="FilterListItem.tsx"
                                            class="fw-list-none filter-function-bar-category"><label class=""><a
                                                href="https://www.coupang.com/np/coupangglobal">로켓직구</a></label></li>
                                        <li data-sentry-element="FilterListItem" data-sentry-component="FilterListItem"
                                            data-sentry-source-file="FilterListItem.tsx"
                                            class="fw-list-none filter-function-bar-category"><label class=""><a
                                                href="https://www.coupang.com/np/categories/510691">쿠팡수입</a></label>
                                        </li>
                                        <li data-sentry-element="FilterListItem" data-sentry-component="FilterListItem"
                                            data-sentry-source-file="FilterListItem.tsx"
                                            class="fw-list-none filter-function-bar-category"><label class=""><a
                                                href="https://www.coupang.com/np/categories/433784">싱글라이프</a></label>
                                        </li>
                                        <li data-sentry-element="FilterListItem" data-sentry-component="FilterListItem"
                                            data-sentry-source-file="FilterListItem.tsx"
                                            class="fw-list-none filter-function-bar-category"><label class=""><a
                                                href="https://www.coupang.com/np/categories/305798">헬스/건강식품</a></label>
                                        </li>
                                        <li data-sentry-element="FilterListItem" data-sentry-component="FilterListItem"
                                            data-sentry-source-file="FilterListItem.tsx"
                                            class="fw-list-none filter-function-bar-category"><label class=""><a
                                                href="https://www.coupang.com/np/categories/221934">출산/유아동</a></label>
                                        </li>
                                        <li data-sentry-element="FilterListItem" data-sentry-component="FilterListItem"
                                            data-sentry-source-file="FilterListItem.tsx"
                                            class="fw-list-none filter-function-bar-category"><label class=""><a
                                                href="https://www.coupang.com/np/categories/316168">홈카페</a></label></li>
                                        <li data-sentry-element="FilterListItem" data-sentry-component="FilterListItem"
                                            data-sentry-source-file="FilterListItem.tsx"
                                            class="fw-list-none filter-function-bar-category"><label class=""><a
                                                href="https://www.coupang.com/np/categories/178255">가전디지털</a></label>
                                        </li>
                                        <li data-sentry-element="FilterListItem" data-sentry-component="FilterListItem"
                                            data-sentry-source-file="FilterListItem.tsx"
                                            class="fw-list-none filter-function-bar-category"><label class=""><a
                                                href="https://www.coupang.com/np/categories/177295">문구/오피스</a></label>
                                        </li>
                                        <li data-sentry-element="FilterListItem" data-sentry-component="FilterListItem"
                                            data-sentry-source-file="FilterListItem.tsx"
                                            class="fw-list-none filter-function-bar-category"><label class=""><a
                                                href="https://www.coupang.com/np/categories/383370">실버스토어</a></label>
                                        </li>
                                        <li data-sentry-element="FilterListItem" data-sentry-component="FilterListItem"
                                            data-sentry-source-file="FilterListItem.tsx"
                                            class="fw-list-none filter-function-bar-category"><label class=""><a
                                                href="https://www.coupang.com/np/categories/410273">아트/공예</a></label>
                                        </li>
                                        <li data-sentry-element="FilterListItem" data-sentry-component="FilterListItem"
                                            data-sentry-source-file="FilterListItem.tsx"
                                            class="fw-list-none filter-function-bar-category"><label class=""><a
                                                href="https://www.coupang.com/np/categories/317778">스포츠/레저</a></label>
                                        </li>
                                        <li data-sentry-element="FilterListItem" data-sentry-component="FilterListItem"
                                            data-sentry-source-file="FilterListItem.tsx"
                                            class="fw-list-none filter-function-bar-category"><label class=""><a
                                                href="https://www.coupang.com/np/categories/564653">패션의류/잡화</a></label>
                                        </li>
                                        <li data-sentry-element="FilterListItem" data-sentry-component="FilterListItem"
                                            data-sentry-source-file="FilterListItem.tsx"
                                            class="fw-list-none filter-function-bar-category"><label class=""><a
                                                href="https://www.coupang.com/np/categories/176522">뷰티</a></label></li>
                                        <li data-sentry-element="FilterListItem" data-sentry-component="FilterListItem"
                                            data-sentry-source-file="FilterListItem.tsx"
                                            class="fw-list-none filter-function-bar-category"><label class=""><a
                                                href="https://www.coupang.com/np/categories/317777">도서/음반/DVD</a></label>
                                        </li>
                                        <li data-sentry-element="FilterListItem" data-sentry-component="FilterListItem"
                                            data-sentry-source-file="FilterListItem.tsx"
                                            class="fw-list-none filter-function-bar-category"><label class=""><a
                                                href="https://www.coupang.com/np/categories/184060">자동차용품</a></label>
                                        </li>
                                        <li data-sentry-element="FilterListItem" data-sentry-component="FilterListItem"
                                            data-sentry-source-file="FilterListItem.tsx"
                                            class="fw-list-none filter-function-bar-category"><label class=""><a
                                                href="https://www.coupang.com/np/categories/396464">해외여행</a></label>
                                        </li>
                                    </ul>
                                    <div class="filter-function-bar-list-btn fw-cursor-pointer fw-text-[#0073e9]">+
                                        더보기
                                    </div>
                                </div>
                            </div>
                            <div data-sentry-element="FilterContainer" data-sentry-component="FilterContainer"
                                 data-sentry-source-file="FilterContainer.tsx"
                                 class="fw-border-solid fw-border-[#efefef] fw-px-[10px] fw-pb-[8px] fw-border-b"><h5
                                    data-sentry-element="FilterTitle" data-sentry-source-file="FilterTitle.tsx"
                                    class="fw-font-bold fw-pt-[10px] fw-text-[16px]"
                                    data-sentry-component="FilterTitle">브랜드</h5>
                                <div class="filter-function-bar-list folding fold" data-sentry-component="FilterList"
                                     data-sentry-source-file="FilterList.tsx">
                                    <ul data-sentry-element="FilterList" data-sentry-source-file="BrandFilter.tsx">
                                        <li data-sentry-element="FilterListItem" data-sentry-component="FilterListItem"
                                            data-sentry-source-file="FilterListItem.tsx"
                                            class="fw-list-none filter-function-bar-attribute"><label class=""><i
                                                class="filter-function-bar-asset"></i><span>덴로쿠</span></label></li>
                                        <li data-sentry-element="FilterListItem" data-sentry-component="FilterListItem"
                                            data-sentry-source-file="FilterListItem.tsx"
                                            class="fw-list-none filter-function-bar-attribute"><label class=""><i
                                                class="filter-function-bar-asset"></i><span>랑그리</span></label></li>
                                        <li data-sentry-element="FilterListItem" data-sentry-component="FilterListItem"
                                            data-sentry-source-file="FilterListItem.tsx"
                                            class="fw-list-none filter-function-bar-attribute"><label class=""><i
                                                class="filter-function-bar-asset"></i><span>부르본</span></label></li>
                                        <li data-sentry-element="FilterListItem" data-sentry-component="FilterListItem"
                                            data-sentry-source-file="FilterListItem.tsx"
                                            class="fw-list-none filter-function-bar-attribute"><label class=""><i
                                                class="filter-function-bar-asset"></i><span>훈와리메이진</span></label></li>
                                        <li data-sentry-element="FilterListItem" data-sentry-component="FilterListItem"
                                            data-sentry-source-file="FilterListItem.tsx"
                                            class="fw-list-none filter-function-bar-attribute"><label class=""><i
                                                class="filter-function-bar-asset"></i><span>Izumiya</span></label></li>
                                        <li data-sentry-element="FilterListItem" data-sentry-component="FilterListItem"
                                            data-sentry-source-file="FilterListItem.tsx"
                                            class="fw-list-none filter-function-bar-attribute"><label class=""><i
                                                class="filter-function-bar-asset"></i><span>스낵하우스</span></label></li>
                                        <li data-sentry-element="FilterListItem" data-sentry-component="FilterListItem"
                                            data-sentry-source-file="FilterListItem.tsx"
                                            class="fw-list-none filter-function-bar-attribute"><label class=""><i
                                                class="filter-function-bar-asset"></i><span>카메다</span></label></li>
                                        <li data-sentry-element="FilterListItem" data-sentry-component="FilterListItem"
                                            data-sentry-source-file="FilterListItem.tsx"
                                            class="fw-list-none filter-function-bar-attribute"><label class=""><i
                                                class="filter-function-bar-asset"></i><span>사토</span></label></li>
                                        <li data-sentry-element="FilterListItem" data-sentry-component="FilterListItem"
                                            data-sentry-source-file="FilterListItem.tsx"
                                            class="fw-list-none filter-function-bar-attribute"><label class=""><i
                                                class="filter-function-bar-asset"></i><span>타마고보로</span></label></li>
                                        <li data-sentry-element="FilterListItem" data-sentry-component="FilterListItem"
                                            data-sentry-source-file="FilterListItem.tsx"
                                            class="fw-list-none filter-function-bar-attribute"><label class=""><i
                                                class="filter-function-bar-asset"></i><span>우마이봉</span></label></li>
                                        <li data-sentry-element="FilterListItem" data-sentry-component="FilterListItem"
                                            data-sentry-source-file="FilterListItem.tsx"
                                            class="fw-list-none filter-function-bar-attribute"><label class=""><i
                                                class="filter-function-bar-asset"></i><span>유하미카쿠토</span></label></li>
                                        <li data-sentry-element="FilterListItem" data-sentry-component="FilterListItem"
                                            data-sentry-source-file="FilterListItem.tsx"
                                            class="fw-list-none filter-function-bar-attribute"><label class=""><i
                                                class="filter-function-bar-asset"></i><span>신코</span></label></li>
                                        <li data-sentry-element="FilterListItem" data-sentry-component="FilterListItem"
                                            data-sentry-source-file="FilterListItem.tsx"
                                            class="fw-list-none filter-function-bar-attribute"><label class=""><i
                                                class="filter-function-bar-asset"></i><span>오리히로</span></label></li>
                                        <li data-sentry-element="FilterListItem" data-sentry-component="FilterListItem"
                                            data-sentry-source-file="FilterListItem.tsx"
                                            class="fw-list-none filter-function-bar-attribute"><label class=""><i
                                                class="filter-function-bar-asset"></i><span>카수가이</span></label></li>
                                        <li data-sentry-element="FilterListItem" data-sentry-component="FilterListItem"
                                            data-sentry-source-file="FilterListItem.tsx"
                                            class="fw-list-none filter-function-bar-attribute"><label class=""><i
                                                class="filter-function-bar-asset"></i><span>샤토우</span></label></li>
                                        <li data-sentry-element="FilterListItem" data-sentry-component="FilterListItem"
                                            data-sentry-source-file="FilterListItem.tsx"
                                            class="fw-list-none filter-function-bar-attribute"><label class=""><i
                                                class="filter-function-bar-asset"></i><span>유노타니</span></label></li>
                                        <li data-sentry-element="FilterListItem" data-sentry-component="FilterListItem"
                                            data-sentry-source-file="FilterListItem.tsx"
                                            class="fw-list-none filter-function-bar-attribute"><label class=""><i
                                                class="filter-function-bar-asset"></i><span>도라에몽</span></label></li>
                                        <li data-sentry-element="FilterListItem" data-sentry-component="FilterListItem"
                                            data-sentry-source-file="FilterListItem.tsx"
                                            class="fw-list-none filter-function-bar-attribute"><label class=""><i
                                                class="filter-function-bar-asset"></i><span>임페리얼쿠키</span></label></li>
                                        <li data-sentry-element="FilterListItem" data-sentry-component="FilterListItem"
                                            data-sentry-source-file="FilterListItem.tsx"
                                            class="fw-list-none filter-function-bar-attribute"><label class=""><i
                                                class="filter-function-bar-asset"></i><span>슈퍼비비가</span></label></li>
                                        <li data-sentry-element="FilterListItem" data-sentry-component="FilterListItem"
                                            data-sentry-source-file="FilterListItem.tsx"
                                            class="fw-list-none filter-function-bar-attribute"><label class=""><i
                                                class="filter-function-bar-asset"></i><span>윈윈푸드</span></label></li>
                                    </ul>
                                    <div class="filter-function-bar-list-btn fw-cursor-pointer fw-text-[#0073e9]">+
                                        더보기
                                    </div>
                                </div>
                            </div>
                            <div data-sentry-element="FilterContainer" data-sentry-component="FilterContainer"
                                 data-sentry-source-file="FilterContainer.tsx"
                                 class="fw-border-solid fw-border-[#efefef] fw-px-[10px] fw-pb-[8px] fw-border-b"><h5
                                    data-sentry-element="FilterTitle" data-sentry-source-file="FilterTitle.tsx"
                                    class="fw-font-bold fw-pt-[10px] fw-text-[16px]"
                                    data-sentry-component="FilterTitle">상품 상태</h5>
                                <div class="filter-function-bar-list fold" data-sentry-component="FilterList"
                                     data-sentry-source-file="FilterList.tsx">
                                    <ul data-sentry-element="FilterList"
                                        data-sentry-source-file="OfferConditionFilter.tsx">
                                        <li data-sentry-element="FilterListItem" data-sentry-component="FilterListItem"
                                            data-sentry-source-file="FilterListItem.tsx"
                                            class="fw-list-none filter-function-bar-attribute"><label class=""><i
                                                class="filter-function-bar-asset"></i><span>새 상품</span></label></li>
                                        <li data-sentry-element="FilterListItem" data-sentry-component="FilterListItem"
                                            data-sentry-source-file="FilterListItem.tsx"
                                            class="fw-list-none filter-function-bar-attribute"><label class=""><i
                                                class="filter-function-bar-asset"></i><span>박스 훼손</span></label></li>
                                        <li data-sentry-element="FilterListItem" data-sentry-component="FilterListItem"
                                            data-sentry-source-file="FilterListItem.tsx"
                                            class="fw-list-none filter-function-bar-attribute"><label class=""><i
                                                class="filter-function-bar-asset"></i><span>재포장</span></label></li>
                                        <li data-sentry-element="FilterListItem" data-sentry-component="FilterListItem"
                                            data-sentry-source-file="FilterListItem.tsx"
                                            class="fw-list-none filter-function-bar-attribute"><label class=""><i
                                                class="filter-function-bar-asset"></i><span>반품</span></label></li>
                                        <li data-sentry-element="FilterListItem" data-sentry-component="FilterListItem"
                                            data-sentry-source-file="FilterListItem.tsx"
                                            class="fw-list-none filter-function-bar-attribute"><label class=""><i
                                                class="filter-function-bar-asset"></i><span>중고</span></label></li>
                                    </ul>
                                </div>
                            </div>
                            <div data-sentry-element="FilterContainer" data-sentry-component="FilterContainer"
                                 data-sentry-source-file="FilterContainer.tsx"
                                 class="fw-border-solid fw-border-[#efefef] fw-px-[10px] fw-pb-[8px] fw-border-b"><h5
                                    data-sentry-element="FilterTitle" data-sentry-source-file="FilterTitle.tsx"
                                    class="fw-font-bold fw-pt-[10px] fw-text-[16px]"
                                    data-sentry-component="FilterTitle">낱개상품 여부</h5>
                                <div class="filter-function-bar-list fold" data-sentry-component="FilterList"
                                     data-sentry-source-file="FilterList.tsx">
                                    <ul data-sentry-element="FilterList" data-sentry-source-file="AttributeFilter.tsx">
                                        <li data-sentry-element="FilterListItem" data-sentry-component="FilterListItem"
                                            data-sentry-source-file="FilterListItem.tsx"
                                            class="fw-list-none filter-function-bar-attribute"><label class=""><i
                                                class="filter-function-bar-asset"></i><span>낱개상품</span></label></li>
                                    </ul>
                                </div>
                            </div>
                            <div data-sentry-element="FilterContainer" data-sentry-component="FilterContainer"
                                 data-sentry-source-file="FilterContainer.tsx"
                                 class="fw-border-solid fw-border-[#efefef] fw-px-[10px] fw-pb-[8px] fw-border-b"><h5
                                    data-sentry-element="FilterTitle" data-sentry-source-file="FilterTitle.tsx"
                                    class="fw-font-bold fw-pt-[10px] fw-text-[16px]"
                                    data-sentry-component="FilterTitle">개당 중량</h5>
                                <div class="filter-function-bar-list fold" data-sentry-component="FilterList"
                                     data-sentry-source-file="FilterList.tsx">
                                    <ul data-sentry-element="FilterList" data-sentry-source-file="AttributeFilter.tsx">
                                        <li data-sentry-element="FilterListItem" data-sentry-component="FilterListItem"
                                            data-sentry-source-file="FilterListItem.tsx"
                                            class="fw-list-none filter-function-bar-attribute"><label class=""><i
                                                class="filter-function-bar-asset"></i><span>500g 이하</span></label></li>
                                        <li data-sentry-element="FilterListItem" data-sentry-component="FilterListItem"
                                            data-sentry-source-file="FilterListItem.tsx"
                                            class="fw-list-none filter-function-bar-attribute"><label class=""><i
                                                class="filter-function-bar-asset"></i><span>500g~1kg</span></label></li>
                                        <li data-sentry-element="FilterListItem" data-sentry-component="FilterListItem"
                                            data-sentry-source-file="FilterListItem.tsx"
                                            class="fw-list-none filter-function-bar-attribute"><label class=""><i
                                                class="filter-function-bar-asset"></i><span>1~2kg</span></label></li>
                                        <li data-sentry-element="FilterListItem" data-sentry-component="FilterListItem"
                                            data-sentry-source-file="FilterListItem.tsx"
                                            class="fw-list-none filter-function-bar-attribute"><label class=""><i
                                                class="filter-function-bar-asset"></i><span>2kg 이상</span></label></li>
                                    </ul>
                                </div>
                            </div>
                            <div data-sentry-element="FilterContainer" data-sentry-component="FilterContainer"
                                 data-sentry-source-file="FilterContainer.tsx"
                                 class="fw-border-solid fw-border-[#efefef] fw-px-[10px] fw-pb-[8px] fw-border-b"><h5
                                    data-sentry-element="FilterTitle" data-sentry-source-file="FilterTitle.tsx"
                                    class="fw-font-bold fw-pt-[10px] fw-text-[16px]"
                                    data-sentry-component="FilterTitle">총 수량</h5>
                                <div class="filter-function-bar-list fold" data-sentry-component="FilterList"
                                     data-sentry-source-file="FilterList.tsx">
                                    <ul data-sentry-element="FilterList" data-sentry-source-file="AttributeFilter.tsx">
                                        <li data-sentry-element="FilterListItem" data-sentry-component="FilterListItem"
                                            data-sentry-source-file="FilterListItem.tsx"
                                            class="fw-list-none filter-function-bar-attribute"><label class=""><i
                                                class="filter-function-bar-asset"></i><span>5개 이하</span></label></li>
                                        <li data-sentry-element="FilterListItem" data-sentry-component="FilterListItem"
                                            data-sentry-source-file="FilterListItem.tsx"
                                            class="fw-list-none filter-function-bar-attribute"><label class=""><i
                                                class="filter-function-bar-asset"></i><span>5~15개</span></label></li>
                                        <li data-sentry-element="FilterListItem" data-sentry-component="FilterListItem"
                                            data-sentry-source-file="FilterListItem.tsx"
                                            class="fw-list-none filter-function-bar-attribute"><label class=""><i
                                                class="filter-function-bar-asset"></i><span>15~30개</span></label></li>
                                        <li data-sentry-element="FilterListItem" data-sentry-component="FilterListItem"
                                            data-sentry-source-file="FilterListItem.tsx"
                                            class="fw-list-none filter-function-bar-attribute"><label class=""><i
                                                class="filter-function-bar-asset"></i><span>30개 이상</span></label></li>
                                    </ul>
                                </div>
                            </div>
                            <div data-sentry-element="FilterContainer" data-sentry-component="FilterContainer"
                                 data-sentry-source-file="FilterContainer.tsx"
                                 class="fw-border-solid fw-border-[#efefef] fw-px-[10px] fw-pb-[8px] fw-border-b"><h5
                                    data-sentry-element="FilterTitle" data-sentry-source-file="FilterTitle.tsx"
                                    class="fw-font-bold fw-pt-[10px] fw-text-[16px]"
                                    data-sentry-component="FilterTitle">총 중량</h5>
                                <div class="filter-function-bar-list fold" data-sentry-component="FilterList"
                                     data-sentry-source-file="FilterList.tsx">
                                    <ul data-sentry-element="FilterList" data-sentry-source-file="AttributeFilter.tsx">
                                        <li data-sentry-element="FilterListItem" data-sentry-component="FilterListItem"
                                            data-sentry-source-file="FilterListItem.tsx"
                                            class="fw-list-none filter-function-bar-attribute"><label class=""><i
                                                class="filter-function-bar-asset"></i><span>500g 이하</span></label></li>
                                        <li data-sentry-element="FilterListItem" data-sentry-component="FilterListItem"
                                            data-sentry-source-file="FilterListItem.tsx"
                                            class="fw-list-none filter-function-bar-attribute"><label class=""><i
                                                class="filter-function-bar-asset"></i><span>500g~1kg</span></label></li>
                                        <li data-sentry-element="FilterListItem" data-sentry-component="FilterListItem"
                                            data-sentry-source-file="FilterListItem.tsx"
                                            class="fw-list-none filter-function-bar-attribute"><label class=""><i
                                                class="filter-function-bar-asset"></i><span>1~2kg</span></label></li>
                                        <li data-sentry-element="FilterListItem" data-sentry-component="FilterListItem"
                                            data-sentry-source-file="FilterListItem.tsx"
                                            class="fw-list-none filter-function-bar-attribute"><label class=""><i
                                                class="filter-function-bar-asset"></i><span>2kg 이상</span></label></li>
                                    </ul>
                                </div>
                            </div>
                            <div data-sentry-element="FilterContainer" data-sentry-component="FilterContainer"
                                 data-sentry-source-file="FilterContainer.tsx"
                                 class="fw-border-solid fw-border-[#efefef] fw-px-[10px] fw-pb-[8px] fw-border-b"><h5
                                    data-sentry-element="FilterTitle" data-sentry-source-file="FilterTitle.tsx"
                                    class="fw-font-bold fw-pt-[10px] fw-text-[16px]"
                                    data-sentry-component="FilterTitle">포장형태</h5>
                                <div class="filter-function-bar-list fold" data-sentry-component="FilterList"
                                     data-sentry-source-file="FilterList.tsx">
                                    <ul data-sentry-element="FilterList" data-sentry-source-file="AttributeFilter.tsx">
                                        <li data-sentry-element="FilterListItem" data-sentry-component="FilterListItem"
                                            data-sentry-source-file="FilterListItem.tsx"
                                            class="fw-list-none filter-function-bar-attribute"><label class=""><i
                                                class="filter-function-bar-asset"></i><span>봉지/지퍼백</span></label></li>
                                        <li data-sentry-element="FilterListItem" data-sentry-component="FilterListItem"
                                            data-sentry-source-file="FilterListItem.tsx"
                                            class="fw-list-none filter-function-bar-attribute"><label class=""><i
                                                class="filter-function-bar-asset"></i><span>상자 (갑)</span></label></li>
                                        <li data-sentry-element="FilterListItem" data-sentry-component="FilterListItem"
                                            data-sentry-source-file="FilterListItem.tsx"
                                            class="fw-list-none filter-function-bar-attribute"><label class=""><i
                                                class="filter-function-bar-asset"></i><span>용기/통</span></label></li>
                                        <li data-sentry-element="FilterListItem" data-sentry-component="FilterListItem"
                                            data-sentry-source-file="FilterListItem.tsx"
                                            class="fw-list-none filter-function-bar-attribute"><label class=""><i
                                                class="filter-function-bar-asset"></i><span>컵/1회분</span></label></li>
                                    </ul>
                                </div>
                            </div>
                            <div data-sentry-element="FilterContainer" data-sentry-component="FilterContainer"
                                 data-sentry-source-file="FilterContainer.tsx"
                                 class="fw-border-solid fw-border-[#efefef] fw-px-[10px] fw-pb-[8px] fw-border-b"><h5
                                    data-sentry-element="FilterTitle" data-sentry-source-file="FilterTitle.tsx"
                                    class="fw-font-bold fw-pt-[10px] fw-text-[16px]"
                                    data-sentry-component="FilterTitle">설탕함량</h5>
                                <div class="filter-function-bar-list fold" data-sentry-component="FilterList"
                                     data-sentry-source-file="FilterList.tsx">
                                    <ul data-sentry-element="FilterList" data-sentry-source-file="AttributeFilter.tsx">
                                        <li data-sentry-element="FilterListItem" data-sentry-component="FilterListItem"
                                            data-sentry-source-file="FilterListItem.tsx"
                                            class="fw-list-none filter-function-bar-attribute"><label class=""><i
                                                class="filter-function-bar-asset"></i><span>무설탕</span></label></li>
                                        <li data-sentry-element="FilterListItem" data-sentry-component="FilterListItem"
                                            data-sentry-source-file="FilterListItem.tsx"
                                            class="fw-list-none filter-function-bar-attribute"><label class=""><i
                                                class="filter-function-bar-asset"></i><span>저설탕</span></label></li>
                                        <li data-sentry-element="FilterListItem" data-sentry-component="FilterListItem"
                                            data-sentry-source-file="FilterListItem.tsx"
                                            class="fw-list-none filter-function-bar-attribute"><label class=""><i
                                                class="filter-function-bar-asset"></i><span>설탕첨가</span></label></li>
                                        <li data-sentry-element="FilterListItem" data-sentry-component="FilterListItem"
                                            data-sentry-source-file="FilterListItem.tsx"
                                            class="fw-list-none filter-function-bar-attribute"><label class=""><i
                                                class="filter-function-bar-asset"></i><span>당 첨가</span></label></li>
                                    </ul>
                                </div>
                            </div>
                            <div data-sentry-element="FilterContainer" data-sentry-component="FilterContainer"
                                 data-sentry-source-file="FilterContainer.tsx"
                                 class="fw-border-solid fw-border-[#efefef] fw-px-[10px] fw-pb-[8px] fw-border-b"><h5
                                    data-sentry-element="FilterTitle" data-sentry-source-file="FilterTitle.tsx"
                                    class="fw-font-bold fw-pt-[10px] fw-text-[16px]"
                                    data-sentry-component="FilterTitle">종류</h5>
                                <div class="filter-function-bar-list fold" data-sentry-component="FilterList"
                                     data-sentry-source-file="FilterList.tsx">
                                    <ul data-sentry-element="FilterList" data-sentry-source-file="AttributeFilter.tsx">
                                        <li data-sentry-element="FilterListItem" data-sentry-component="FilterListItem"
                                            data-sentry-source-file="FilterListItem.tsx"
                                            class="fw-list-none filter-function-bar-attribute"><label class=""><i
                                                class="filter-function-bar-asset"></i><span>봉지과자</span></label></li>
                                        <li data-sentry-element="FilterListItem" data-sentry-component="FilterListItem"
                                            data-sentry-source-file="FilterListItem.tsx"
                                            class="fw-list-none filter-function-bar-attribute"><label class=""><i
                                                class="filter-function-bar-asset"></i><span>과자/쿠키/비스킷</span></label>
                                        </li>
                                        <li data-sentry-element="FilterListItem" data-sentry-component="FilterListItem"
                                            data-sentry-source-file="FilterListItem.tsx"
                                            class="fw-list-none filter-function-bar-attribute"><label class=""><i
                                                class="filter-function-bar-asset"></i><span>시리얼/바</span></label></li>
                                        <li data-sentry-element="FilterListItem" data-sentry-component="FilterListItem"
                                            data-sentry-source-file="FilterListItem.tsx"
                                            class="fw-list-none filter-function-bar-attribute"><label class=""><i
                                                class="filter-function-bar-asset"></i><span>파이/케이크/카스타드</span></label>
                                        </li>
                                        <li data-sentry-element="FilterListItem" data-sentry-component="FilterListItem"
                                            data-sentry-source-file="FilterListItem.tsx"
                                            class="fw-list-none filter-function-bar-attribute"><label class=""><i
                                                class="filter-function-bar-asset"></i><span>유아/어린이 과자</span></label>
                                        </li>
                                    </ul>
                                </div>
                            </div>
                            <div data-sentry-element="FilterContainer" data-sentry-component="FilterContainer"
                                 data-sentry-source-file="FilterContainer.tsx"
                                 class="fw-border-solid fw-border-[#efefef] fw-px-[10px] fw-pb-[8px] fw-border-b"><h5
                                    data-sentry-element="FilterTitle" data-sentry-source-file="FilterTitle.tsx"
                                    class="fw-font-bold fw-pt-[10px] fw-text-[16px]"
                                    data-sentry-component="FilterTitle">맛</h5>
                                <div class="filter-function-bar-list fold" data-sentry-component="FilterList"
                                     data-sentry-source-file="FilterList.tsx">
                                    <ul data-sentry-element="FilterList" data-sentry-source-file="AttributeFilter.tsx">
                                        <li data-sentry-element="FilterListItem" data-sentry-component="FilterListItem"
                                            data-sentry-source-file="FilterListItem.tsx"
                                            class="fw-list-none filter-function-bar-attribute"><label class=""><i
                                                class="filter-function-bar-asset"></i><span>달콤한맛</span></label></li>
                                        <li data-sentry-element="FilterListItem" data-sentry-component="FilterListItem"
                                            data-sentry-source-file="FilterListItem.tsx"
                                            class="fw-list-none filter-function-bar-attribute"><label class=""><i
                                                class="filter-function-bar-asset"></i><span>짭짤한맛</span></label></li>
                                        <li data-sentry-element="FilterListItem" data-sentry-component="FilterListItem"
                                            data-sentry-source-file="FilterListItem.tsx"
                                            class="fw-list-none filter-function-bar-attribute"><label class=""><i
                                                class="filter-function-bar-asset"></i><span>고소한맛</span></label></li>
                                        <li data-sentry-element="FilterListItem" data-sentry-component="FilterListItem"
                                            data-sentry-source-file="FilterListItem.tsx"
                                            class="fw-list-none filter-function-bar-attribute"><label class=""><i
                                                class="filter-function-bar-asset"></i><span>매콤한맛</span></label></li>
                                        <li data-sentry-element="FilterListItem" data-sentry-component="FilterListItem"
                                            data-sentry-source-file="FilterListItem.tsx"
                                            class="fw-list-none filter-function-bar-attribute"><label class=""><i
                                                class="filter-function-bar-asset"></i><span>새콤한맛</span></label></li>
                                        <li data-sentry-element="FilterListItem" data-sentry-component="FilterListItem"
                                            data-sentry-source-file="FilterListItem.tsx"
                                            class="fw-list-none filter-function-bar-attribute"><label class=""><i
                                                class="filter-function-bar-asset"></i><span>혼합</span></label></li>
                                    </ul>
                                </div>
                            </div>
                            <div data-sentry-element="FilterContainer" data-sentry-component="FilterContainer"
                                 data-sentry-source-file="FilterContainer.tsx"
                                 class="fw-border-solid fw-border-[#efefef] fw-px-[10px] fw-pb-[8px] fw-border-b"><h5
                                    data-sentry-element="FilterTitle" data-sentry-source-file="FilterTitle.tsx"
                                    class="fw-font-bold fw-pt-[10px] fw-text-[16px]"
                                    data-sentry-component="FilterTitle">구성</h5>
                                <div class="filter-function-bar-list fold" data-sentry-component="FilterList"
                                     data-sentry-source-file="FilterList.tsx">
                                    <ul data-sentry-element="FilterList" data-sentry-source-file="AttributeFilter.tsx">
                                        <li data-sentry-element="FilterListItem" data-sentry-component="FilterListItem"
                                            data-sentry-source-file="FilterListItem.tsx"
                                            class="fw-list-none filter-function-bar-attribute"><label class=""><i
                                                class="filter-function-bar-asset"></i><span>단품</span></label></li>
                                        <li data-sentry-element="FilterListItem" data-sentry-component="FilterListItem"
                                            data-sentry-source-file="FilterListItem.tsx"
                                            class="fw-list-none filter-function-bar-attribute"><label class=""><i
                                                class="filter-function-bar-asset"></i><span>혼합</span></label></li>
                                    </ul>
                                </div>
                            </div>
                            <div data-sentry-element="FilterContainer" data-sentry-component="FilterContainer"
                                 data-sentry-source-file="FilterContainer.tsx"
                                 class="fw-border-solid fw-border-[#efefef] fw-px-[10px] fw-pb-[8px] fw-border-b"><h5
                                    data-sentry-element="FilterTitle" data-sentry-source-file="FilterTitle.tsx"
                                    class="fw-font-bold fw-pt-[10px] fw-text-[16px]"
                                    data-sentry-component="FilterTitle">개별포장 여부</h5>
                                <div class="filter-function-bar-list fold" data-sentry-component="FilterList"
                                     data-sentry-source-file="FilterList.tsx">
                                    <ul data-sentry-element="FilterList" data-sentry-source-file="AttributeFilter.tsx">
                                        <li data-sentry-element="FilterListItem" data-sentry-component="FilterListItem"
                                            data-sentry-source-file="FilterListItem.tsx"
                                            class="fw-list-none filter-function-bar-attribute"><label class=""><i
                                                class="filter-function-bar-asset"></i><span>개별포장</span></label></li>
                                    </ul>
                                </div>
                            </div>
                            <div data-sentry-element="FilterContainer" data-sentry-component="FilterContainer"
                                 data-sentry-source-file="FilterContainer.tsx"
                                 class="fw-border-solid fw-border-[#efefef] fw-px-[10px] fw-pb-[8px] fw-border-b"><h5
                                    data-sentry-element="FilterTitle" data-sentry-source-file="FilterTitle.tsx"
                                    class="fw-font-bold fw-pt-[10px] fw-text-[16px]"
                                    data-sentry-component="FilterTitle">보관방식</h5>
                                <div class="filter-function-bar-list fold" data-sentry-component="FilterList"
                                     data-sentry-source-file="FilterList.tsx">
                                    <ul data-sentry-element="FilterList" data-sentry-source-file="AttributeFilter.tsx">
                                        <li data-sentry-element="FilterListItem" data-sentry-component="FilterListItem"
                                            data-sentry-source-file="FilterListItem.tsx"
                                            class="fw-list-none filter-function-bar-attribute"><label class=""><i
                                                class="filter-function-bar-asset"></i><span>냉장보관</span></label></li>
                                        <li data-sentry-element="FilterListItem" data-sentry-component="FilterListItem"
                                            data-sentry-source-file="FilterListItem.tsx"
                                            class="fw-list-none filter-function-bar-attribute"><label class=""><i
                                                class="filter-function-bar-asset"></i><span>냉동보관</span></label></li>
                                        <li data-sentry-element="FilterListItem" data-sentry-component="FilterListItem"
                                            data-sentry-source-file="FilterListItem.tsx"
                                            class="fw-list-none filter-function-bar-attribute"><label class=""><i
                                                class="filter-function-bar-asset"></i><span>실온보관</span></label></li>
                                    </ul>
                                </div>
                            </div>
                            <div data-sentry-element="FilterContainer" data-sentry-component="FilterContainer"
                                 data-sentry-source-file="FilterContainer.tsx"
                                 class="fw-border-solid fw-border-[#efefef] fw-px-[10px] fw-pb-[8px] fw-border-b"><h5
                                    data-sentry-element="FilterTitle" data-sentry-source-file="FilterTitle.tsx"
                                    class="fw-font-bold fw-pt-[10px] fw-text-[16px]"
                                    data-sentry-component="FilterTitle">간편식</h5>
                                <div class="filter-function-bar-list fold" data-sentry-component="FilterList"
                                     data-sentry-source-file="FilterList.tsx">
                                    <ul data-sentry-element="FilterList" data-sentry-source-file="AttributeFilter.tsx">
                                        <li data-sentry-element="FilterListItem" data-sentry-component="FilterListItem"
                                            data-sentry-source-file="FilterListItem.tsx"
                                            class="fw-list-none filter-function-bar-attribute"><label class=""><i
                                                class="filter-function-bar-asset"></i><span>즉석섭취음료</span></label></li>
                                        <li data-sentry-element="FilterListItem" data-sentry-component="FilterListItem"
                                            data-sentry-source-file="FilterListItem.tsx"
                                            class="fw-list-none filter-function-bar-attribute"><label class=""><i
                                                class="filter-function-bar-asset"></i><span>즉석섭취식품</span></label></li>
                                        <li data-sentry-element="FilterListItem" data-sentry-component="FilterListItem"
                                            data-sentry-source-file="FilterListItem.tsx"
                                            class="fw-list-none filter-function-bar-attribute"><label class=""><i
                                                class="filter-function-bar-asset"></i><span>즉석조리식품</span></label></li>
                                        <li data-sentry-element="FilterListItem" data-sentry-component="FilterListItem"
                                            data-sentry-source-file="FilterListItem.tsx"
                                            class="fw-list-none filter-function-bar-attribute"><label class=""><i
                                                class="filter-function-bar-asset"></i><span>밀키트</span></label></li>
                                    </ul>
                                </div>
                            </div>
                            <div data-sentry-element="FilterContainer" data-sentry-component="FilterContainer"
                                 data-sentry-source-file="FilterContainer.tsx"
                                 class="fw-border-solid fw-border-[#efefef] fw-px-[10px] fw-pb-[8px] fw-border-b"><h5
                                    data-sentry-element="FilterTitle" data-sentry-source-file="FilterTitle.tsx"
                                    class="fw-font-bold fw-pt-[10px] fw-text-[16px]"
                                    data-sentry-component="FilterTitle">1회 제공량당 열량</h5>
                                <div class="filter-function-bar-list folding fold" data-sentry-component="FilterList"
                                     data-sentry-source-file="FilterList.tsx">
                                    <ul data-sentry-element="FilterList" data-sentry-source-file="AttributeFilter.tsx">
                                        <li data-sentry-element="FilterListItem" data-sentry-component="FilterListItem"
                                            data-sentry-source-file="FilterListItem.tsx"
                                            class="fw-list-none filter-function-bar-attribute"><label class=""><i
                                                class="filter-function-bar-asset"></i><span>0Kcal</span></label></li>
                                        <li data-sentry-element="FilterListItem" data-sentry-component="FilterListItem"
                                            data-sentry-source-file="FilterListItem.tsx"
                                            class="fw-list-none filter-function-bar-attribute"><label class=""><i
                                                class="filter-function-bar-asset"></i><span>1Kcal 이상 ~ 20Kcal 이하</span></label>
                                        </li>
                                        <li data-sentry-element="FilterListItem" data-sentry-component="FilterListItem"
                                            data-sentry-source-file="FilterListItem.tsx"
                                            class="fw-list-none filter-function-bar-attribute"><label class=""><i
                                                class="filter-function-bar-asset"></i><span>20Kcal 이상 ~ 40Kcal 이하</span></label>
                                        </li>
                                        <li data-sentry-element="FilterListItem" data-sentry-component="FilterListItem"
                                            data-sentry-source-file="FilterListItem.tsx"
                                            class="fw-list-none filter-function-bar-attribute"><label class=""><i
                                                class="filter-function-bar-asset"></i><span>40Kcal 이상 ~ 100Kcal 이하</span></label>
                                        </li>
                                        <li data-sentry-element="FilterListItem" data-sentry-component="FilterListItem"
                                            data-sentry-source-file="FilterListItem.tsx"
                                            class="fw-list-none filter-function-bar-attribute"><label class=""><i
                                                class="filter-function-bar-asset"></i><span>100Kcal 이상 ~ 200Kcal 이하</span></label>
                                        </li>
                                        <li data-sentry-element="FilterListItem" data-sentry-component="FilterListItem"
                                            data-sentry-source-file="FilterListItem.tsx"
                                            class="fw-list-none filter-function-bar-attribute"><label class=""><i
                                                class="filter-function-bar-asset"></i><span>200Kcal 이상 ~ 300Kcal 이하</span></label>
                                        </li>
                                        <li data-sentry-element="FilterListItem" data-sentry-component="FilterListItem"
                                            data-sentry-source-file="FilterListItem.tsx"
                                            class="fw-list-none filter-function-bar-attribute"><label class=""><i
                                                class="filter-function-bar-asset"></i><span>300Kcal 이상</span></label>
                                        </li>
                                    </ul>
                                    <div class="filter-function-bar-list-btn fw-cursor-pointer fw-text-[#0073e9]">+
                                        더보기
                                    </div>
                                </div>
                            </div>
                            <div data-sentry-element="FilterContainer" data-sentry-component="FilterContainer"
                                 data-sentry-source-file="FilterContainer.tsx"
                                 class="fw-border-solid fw-border-[#efefef] fw-px-[10px] fw-pb-[8px] fw-border-b"><h5
                                    data-sentry-element="FilterTitle" data-sentry-source-file="FilterTitle.tsx"
                                    class="fw-font-bold fw-pt-[10px] fw-text-[16px]"
                                    data-sentry-component="FilterTitle">맛/향</h5>
                                <div class="filter-function-bar-list folding fold" data-sentry-component="FilterList"
                                     data-sentry-source-file="FilterList.tsx">
                                    <ul data-sentry-element="FilterList" data-sentry-source-file="AttributeFilter.tsx">
                                        <li data-sentry-element="FilterListItem" data-sentry-component="FilterListItem"
                                            data-sentry-source-file="FilterListItem.tsx"
                                            class="fw-list-none filter-function-bar-attribute"><label class=""><i
                                                class="filter-function-bar-asset"></i><span>과일</span></label></li>
                                        <li data-sentry-element="FilterListItem" data-sentry-component="FilterListItem"
                                            data-sentry-source-file="FilterListItem.tsx"
                                            class="fw-list-none filter-function-bar-attribute"><label class=""><i
                                                class="filter-function-bar-asset"></i><span>민트/박하</span></label></li>
                                        <li data-sentry-element="FilterListItem" data-sentry-component="FilterListItem"
                                            data-sentry-source-file="FilterListItem.tsx"
                                            class="fw-list-none filter-function-bar-attribute"><label class=""><i
                                                class="filter-function-bar-asset"></i><span>소다</span></label></li>
                                        <li data-sentry-element="FilterListItem" data-sentry-component="FilterListItem"
                                            data-sentry-source-file="FilterListItem.tsx"
                                            class="fw-list-none filter-function-bar-attribute"><label class=""><i
                                                class="filter-function-bar-asset"></i><span>커피</span></label></li>
                                        <li data-sentry-element="FilterListItem" data-sentry-component="FilterListItem"
                                            data-sentry-source-file="FilterListItem.tsx"
                                            class="fw-list-none filter-function-bar-attribute"><label class=""><i
                                                class="filter-function-bar-asset"></i><span>초코</span></label></li>
                                        <li data-sentry-element="FilterListItem" data-sentry-component="FilterListItem"
                                            data-sentry-source-file="FilterListItem.tsx"
                                            class="fw-list-none filter-function-bar-attribute"><label class=""><i
                                                class="filter-function-bar-asset"></i><span>콜라</span></label></li>
                                        <li data-sentry-element="FilterListItem" data-sentry-component="FilterListItem"
                                            data-sentry-source-file="FilterListItem.tsx"
                                            class="fw-list-none filter-function-bar-attribute"><label class=""><i
                                                class="filter-function-bar-asset"></i><span>캬라멜</span></label></li>
                                        <li data-sentry-element="FilterListItem" data-sentry-component="FilterListItem"
                                            data-sentry-source-file="FilterListItem.tsx"
                                            class="fw-list-none filter-function-bar-attribute"><label class=""><i
                                                class="filter-function-bar-asset"></i><span>우유</span></label></li>
                                        <li data-sentry-element="FilterListItem" data-sentry-component="FilterListItem"
                                            data-sentry-source-file="FilterListItem.tsx"
                                            class="fw-list-none filter-function-bar-attribute"><label class=""><i
                                                class="filter-function-bar-asset"></i><span>요거트</span></label></li>
                                        <li data-sentry-element="FilterListItem" data-sentry-component="FilterListItem"
                                            data-sentry-source-file="FilterListItem.tsx"
                                            class="fw-list-none filter-function-bar-attribute"><label class=""><i
                                                class="filter-function-bar-asset"></i><span>땅콩/견과류</span></label></li>
                                        <li data-sentry-element="FilterListItem" data-sentry-component="FilterListItem"
                                            data-sentry-source-file="FilterListItem.tsx"
                                            class="fw-list-none filter-function-bar-attribute"><label class=""><i
                                                class="filter-function-bar-asset"></i><span>허브</span></label></li>
                                        <li data-sentry-element="FilterListItem" data-sentry-component="FilterListItem"
                                            data-sentry-source-file="FilterListItem.tsx"
                                            class="fw-list-none filter-function-bar-attribute"><label class=""><i
                                                class="filter-function-bar-asset"></i><span>허니/꿀</span></label></li>
                                        <li data-sentry-element="FilterListItem" data-sentry-component="FilterListItem"
                                            data-sentry-source-file="FilterListItem.tsx"
                                            class="fw-list-none filter-function-bar-attribute"><label class=""><i
                                                class="filter-function-bar-asset"></i><span>기타</span></label></li>
                                        <li data-sentry-element="FilterListItem" data-sentry-component="FilterListItem"
                                            data-sentry-source-file="FilterListItem.tsx"
                                            class="fw-list-none filter-function-bar-attribute"><label class=""><i
                                                class="filter-function-bar-asset"></i><span>혼합</span></label></li>
                                    </ul>
                                    <div class="filter-function-bar-list-btn fw-cursor-pointer fw-text-[#0073e9]">+
                                        더보기
                                    </div>
                                </div>
                            </div>
                            <div data-sentry-element="FilterContainer" data-sentry-component="FilterContainer"
                                 data-sentry-source-file="FilterContainer.tsx"
                                 class="fw-border-solid fw-border-[#efefef] fw-px-[10px] fw-pb-[8px] fw-border-b"><h5
                                    data-sentry-element="FilterTitle" data-sentry-source-file="FilterTitle.tsx"
                                    class="fw-font-bold fw-pt-[10px] fw-text-[16px]"
                                    data-sentry-component="FilterTitle">선물세트 여부</h5>
                                <div class="filter-function-bar-list fold" data-sentry-component="FilterList"
                                     data-sentry-source-file="FilterList.tsx">
                                    <ul data-sentry-element="FilterList" data-sentry-source-file="AttributeFilter.tsx">
                                        <li data-sentry-element="FilterListItem" data-sentry-component="FilterListItem"
                                            data-sentry-source-file="FilterListItem.tsx"
                                            class="fw-list-none filter-function-bar-attribute"><label class=""><i
                                                class="filter-function-bar-asset"></i><span>선물세트</span></label></li>
                                    </ul>
                                </div>
                            </div>
                            <div data-sentry-element="FilterContainer" data-sentry-component="FilterContainer"
                                 data-sentry-source-file="FilterContainer.tsx"
                                 class="fw-border-solid fw-border-[#efefef] fw-px-[10px] fw-pb-[8px] fw-border-b"><h5
                                    data-sentry-element="FilterTitle" data-sentry-source-file="FilterTitle.tsx"
                                    class="fw-font-bold fw-pt-[10px] fw-text-[16px]"
                                    data-sentry-component="FilterTitle">별점</h5>
                                <div class="filter-function-bar-list fold" data-sentry-component="FilterList"
                                     data-sentry-source-file="FilterList.tsx">
                                    <ul data-sentry-element="FilterList" data-sentry-source-file="RatingFilter.tsx">
                                        <li data-sentry-element="FilterListItem" data-sentry-component="FilterListItem"
                                            data-sentry-source-file="FilterListItem.tsx"
                                            class="fw-list-none selected filter-function-bar-rating"><label title="전체">별점
                                            <!-- --> 전체</label></li>
                                        <li data-sentry-element="FilterListItem" data-sentry-component="FilterListItem"
                                            data-sentry-source-file="FilterListItem.tsx"
                                            class="fw-list-none filter-function-bar-rating"><label title="4점 이상"><span
                                                class="filter-function-bar-rating-4 filter-function-bar-asset"></span>4점
                                            이상</label></li>
                                        <li data-sentry-element="FilterListItem" data-sentry-component="FilterListItem"
                                            data-sentry-source-file="FilterListItem.tsx"
                                            class="fw-list-none filter-function-bar-rating"><label title="3점 이상"><span
                                                class="filter-function-bar-rating-3 filter-function-bar-asset"></span>3점
                                            이상</label></li>
                                        <li data-sentry-element="FilterListItem" data-sentry-component="FilterListItem"
                                            data-sentry-source-file="FilterListItem.tsx"
                                            class="fw-list-none filter-function-bar-rating"><label title="2점 이상"><span
                                                class="filter-function-bar-rating-2 filter-function-bar-asset"></span>2점
                                            이상</label></li>
                                        <li data-sentry-element="FilterListItem" data-sentry-component="FilterListItem"
                                            data-sentry-source-file="FilterListItem.tsx"
                                            class="fw-list-none filter-function-bar-rating"><label title="1점 이상"><span
                                                class="filter-function-bar-rating-1 filter-function-bar-asset"></span>1점
                                            이상</label></li>
                                    </ul>
                                </div>
                            </div>
                            <div data-sentry-element="FilterContainer" data-sentry-component="FilterContainer"
                                 data-sentry-source-file="FilterContainer.tsx"
                                 class="fw-border-solid fw-border-[#efefef] fw-px-[10px] fw-pb-[8px] fw-border-b fw-border-b-0">
                                <h5 data-sentry-element="FilterTitle" data-sentry-source-file="FilterTitle.tsx"
                                    class="fw-font-bold fw-pt-[10px] fw-text-[16px]"
                                    data-sentry-component="FilterTitle">가격</h5>
                                <div class="filter-function-bar-list fold" data-sentry-component="FilterList"
                                     data-sentry-source-file="FilterList.tsx">
                                    <ul data-sentry-element="FilterList" data-sentry-source-file="PriceFilter.tsx">
                                        <li data-sentry-element="FilterListItem" data-sentry-component="FilterListItem"
                                            data-sentry-source-file="FilterListItem.tsx" class="fw-list-none selected">
                                            <label class="filter-function-bar-price-item" title="priceFilter">가격
                                                전체</label></li>
                                        <li data-sentry-element="FilterListItem" data-sentry-component="FilterListItem"
                                            data-sentry-source-file="FilterListItem.tsx" class="fw-list-none"><label
                                                class="filter-function-bar-price-item" title="priceFilter">5천원
                                            이하</label></li>
                                        <li data-sentry-element="FilterListItem" data-sentry-component="FilterListItem"
                                            data-sentry-source-file="FilterListItem.tsx" class="fw-list-none"><label
                                                class="filter-function-bar-price-item"
                                                title="priceFilter">5천원~1만원</label></li>
                                        <li data-sentry-element="FilterListItem" data-sentry-component="FilterListItem"
                                            data-sentry-source-file="FilterListItem.tsx" class="fw-list-none"><label
                                                class="filter-function-bar-price-item" title="priceFilter">1만원~1만
                                            5천원</label></li>
                                        <li data-sentry-element="FilterListItem" data-sentry-component="FilterListItem"
                                            data-sentry-source-file="FilterListItem.tsx" class="fw-list-none"><label
                                                class="filter-function-bar-price-item" title="priceFilter">1만
                                            5천원~2만원</label></li>
                                        <li data-sentry-element="FilterListItem" data-sentry-component="FilterListItem"
                                            data-sentry-source-file="FilterListItem.tsx" class="fw-list-none"><label
                                                class="filter-function-bar-price-item" title="priceFilter">2만원
                                            이상</label></li>
                                    </ul>
                                </div>
                                <div class="filter-function-bar-price" data-sentry-component="PriceFilterInput"
                                     data-sentry-source-file="PriceFilter.tsx"><span class="price"><input type="text"
                                                                                                          title="minPrice"
                                                                                                          maxLength="10"
                                                                                                          value=""/><span>~</span><input
                                        type="text" title="maxPrice" maxLength="10" value=""/>원</span><label
                                        title="priceFilter">검색</label></div>
                            </div>
                        </div>
                    </div>
                </div>
                <div class="customer-feedback_feedbackWrapper__MToGQ">
                    <div class="customer-feedback_feedback__aA8hJ">
                        <div class="customer-feedback-wrap">
                            <div class="fw-mb-[10px]">현재 검색 결과에 만족하셨나요?</div>
                            <button class="customer-feedback_likeBtn__57m6h"></button>
                            <button class="customer-feedback_dislikeBtn__FH5mZ"></button>
                            <div class="customer-feedback_detail__eAjiK"><p>어떤 문제가 있었나요?</p>
                                <ul>
                                    <li>기타 원하는 옵션이 없어요</li>
                                </ul>
                            </div>
                        </div>
                    </div>
                </div>
            </div>
            <div class="fw-mt-[20px] fw-flex fw-flex-1 fw-flex-col fw-overflow-hidden">
                <div class="srp_resultHeader___PlJ5"><h1 data-sentry-component="SearchResultTitle"
                                                         data-sentry-source-file="SearchResultTitle.tsx"><strong>&#x27;
                    <!-- -->일본과자<!-- -->&#x27;</strong>에 대한 검색결과</h1>
                    <div class="srp_relatedKeywords__DJiuK"><span>연관검색어: </span><a title="일본과자모음"
                                                                                   data-sentry-element="Link"
                                                                                   data-sentry-component="LoadingLink"
                                                                                   data-sentry-source-file="LoadingLink.tsx"
                                                                                   href="https://www.coupang.com/np/search?q=%EC%9D%BC%EB%B3%B8%EA%B3%BC%EC%9E%90%EB%AA%A8%EC%9D%8C&amp;channel=relate">일본과자모음</a><a
                            title="일본과자직구" data-sentry-element="Link" data-sentry-component="LoadingLink"
                            data-sentry-source-file="LoadingLink.tsx"
                            href="https://www.coupang.com/np/search?q=%EC%9D%BC%EB%B3%B8%EA%B3%BC%EC%9E%90%EC%A7%81%EA%B5%AC&amp;channel=relate">일본과자직구</a><a
                            title="일본과자" data-sentry-element="Link" data-sentry-component="LoadingLink"
                            data-sentry-source-file="LoadingLink.tsx"
                            href="https://www.coupang.com/np/search?q=%EC%9D%BC%EB%B3%B8%EA%B3%BC%EC%9E%90&amp;channel=relate">일본과자</a><a
                            title="과자" data-sentry-element="Link" data-sentry-component="LoadingLink"
                            data-sentry-source-file="LoadingLink.tsx"
                            href="https://www.coupang.com/np/search?q=%EA%B3%BC%EC%9E%90&amp;channel=relate">과자</a><a
                            title="일본간식" data-sentry-element="Link" data-sentry-component="LoadingLink"
                            data-sentry-source-file="LoadingLink.tsx"
                            href="https://www.coupang.com/np/search?q=%EC%9D%BC%EB%B3%B8%EA%B0%84%EC%8B%9D&amp;channel=relate">일본간식</a><a
                            title="일본과자안주" data-sentry-element="Link" data-sentry-component="LoadingLink"
                            data-sentry-source-file="LoadingLink.tsx"
                            href="https://www.coupang.com/np/search?q=%EC%9D%BC%EB%B3%B8%EA%B3%BC%EC%9E%90%EC%95%88%EC%A3%BC&amp;channel=relate">일본과자안주</a><a
                            title="일본" data-sentry-element="Link" data-sentry-component="LoadingLink"
                            data-sentry-source-file="LoadingLink.tsx"
                            href="https://www.coupang.com/np/search?q=%EC%9D%BC%EB%B3%B8&amp;channel=relate">일본</a><a
                            title="일본쌀과자" data-sentry-element="Link" data-sentry-component="LoadingLink"
                            data-sentry-source-file="LoadingLink.tsx"
                            href="https://www.coupang.com/np/search?q=%EC%9D%BC%EB%B3%B8%EC%8C%80%EA%B3%BC%EC%9E%90&amp;channel=relate">일본쌀과자</a><a
                            title="일본식품" data-sentry-element="Link" data-sentry-component="LoadingLink"
                            data-sentry-source-file="LoadingLink.tsx"
                            href="https://www.coupang.com/np/search?q=%EC%9D%BC%EB%B3%B8%EC%8B%9D%ED%92%88&amp;channel=relate">일본식품</a><a
                            title="모리나가쿠키" data-sentry-element="Link" data-sentry-component="LoadingLink"
                            data-sentry-source-file="LoadingLink.tsx"
                            href="https://www.coupang.com/np/search?q=%EB%AA%A8%EB%A6%AC%EB%82%98%EA%B0%80%EC%BF%A0%ED%82%A4&amp;channel=relate">모리나가쿠키</a>
                    </div>
                    <div class="srp_searchUtilArea__Ln1Cg">
                        <div class="srp_deliveryFeeToggleWrapper__mQTRF">
                            <div class="srp_deliveryFeeToggle__6HXTR">
                                <button class=""></button>
                                <label class="srp-delivery-fee-toggle-label">배송비 포함</label>
                                <div class="border-right"></div>
                            </div>
                        </div>
                        <div class="srp_sortWrapper__qS1ED">
                            <div data-sentry-component="Sort" data-sentry-source-file="index.tsx">
                                <ul class="Sort_sort__XXQf9">
                                    <li class="Sort_selected__SBbDW" data-sentry-component="SortItem"
                                        data-sentry-source-file="index.tsx"><input type="radio" id="sorter-ACCURACY"
                                                                                   readOnly="" name="sorter" checked=""
                                                                                   value="scoreDesc"/><label
                                            for="sorter-ACCURACY">쿠팡 랭킹순</label>
                                        <div class="Sort_help__JUDAg" data-sentry-component="CoupangRankingPopover"
                                             data-sentry-source-file="index.tsx"><label>설명</label>
                                            <div id="help-coupang-ranking-search-sort"><span>쿠팡 랭킹순은 판매 실적, 고객 선호도, 상품 경쟁력 및<br/>검색 정확도 등을 종합적으로 고려한 것입니다.</span>
                                                <ul>
                                                    <li><span>판매 실적 : </span>상품의 구매 건수</li>
                                                    <li><span>고객 선호도 : </span>상품 및 판매자에 대한 고객평가 등</li>
                                                    <li><span>상품 경쟁력 : </span>상품 가격, 배송 기간 등</li>
                                                    <li><span>검색 정확도 : </span>검색어와 상품 간 연관도 등</li>
                                                </ul>
                                                <p>이 밖에 쿠팡 랭킹순에는 고객의 편의 및 만족도</p>
                                                <p>향상을 위한 추가적인 요소가 수시로 반영될 수 있습니다.</p></div>
                                        </div>
                                    </li>
                                    <li class="" data-sentry-component="SortItem" data-sentry-source-file="index.tsx">
                                        <input type="radio" id="sorter-LOW_PRICE" readOnly="" name="sorter"
                                               value="salePriceAsc"/><label for="sorter-LOW_PRICE">낮은가격순</label></li>
                                    <li class="" data-sentry-component="SortItem" data-sentry-source-file="index.tsx">
                                        <input type="radio" id="sorter-HIGH_PRICE" readOnly="" name="sorter"
                                               value="salePriceDesc"/><label for="sorter-HIGH_PRICE">높은가격순</label></li>
                                    <li class="" data-sentry-component="SortItem" data-sentry-source-file="index.tsx">
                                        <input type="radio" id="sorter-SALES_COUNT" readOnly="" name="sorter"
                                               value="saleCountDesc"/><label for="sorter-SALES_COUNT">판매량순</label></li>
                                    <li class="" data-sentry-component="SortItem" data-sentry-source-file="index.tsx">
                                        <input type="radio" id="sorter-LATEST" readOnly="" name="sorter"
                                               value="latestAsc"/><label for="sorter-LATEST">최신순</label></li>
                                </ul>
                            </div>
                        </div>
                        <div class="srp_flexPlaceholder__gUkif"></div>
                        <div class="srp_listSizeWrapper__F3yLz">
                            <div>
                                <div class="ListSizeOption_listSizeOption__j3Y94" data-sentry-component="ListSizeOption"
                                     data-sentry-source-file="index.tsx">
                                    <ul>
                                        <li class="ListSizeOption_selected__Ym5KI" data-sentry-component="ListSizeItem"
                                            data-sentry-source-file="index.tsx"><input type="radio" id="listSize-36"
                                                                                       readOnly="" name="listSize"
                                                                                       checked="" value="36"/><label
                                                for="listSize-36">36<!-- --> 개씩 보기</label><span></span></li>
                                        <li class="" data-sentry-component="ListSizeItem"
                                            data-sentry-source-file="index.tsx"><input type="radio" id="listSize-48"
                                                                                       readOnly="" name="listSize"
                                                                                       value="48"/><label
                                                for="listSize-48">48<!-- --> 개씩 보기</label><span></span></li>
                                        <li class="" data-sentry-component="ListSizeItem"
                                            data-sentry-source-file="index.tsx"><input type="radio" id="listSize-60"
                                                                                       readOnly="" name="listSize"
                                                                                       value="60"/><label
                                                for="listSize-60">60<!-- --> 개씩 보기</label><span></span></li>
                                        <li class="" data-sentry-component="ListSizeItem"
                                            data-sentry-source-file="index.tsx"><input type="radio" id="listSize-72"
                                                                                       readOnly="" name="listSize"
                                                                                       value="72"/><label
                                                for="listSize-72">72<!-- --> 개씩 보기</label><span></span></li>
                                    </ul>
                                </div>
                            </div>
                        </div>
                        <div class="srp_filterButton__FX3lY s600:fw-hidden">
                            <div class="fw-flex fw-h-[26px] fw-w-[84px] fw-bg-[#346aff] fw-px-[8px] fw-items-center fw-justify-center fw-gap-[4px] fw-rounded">
                                <div class="relative">
                                    <svg width="13" height="12" viewBox="0 0 13 12" fill="none"
                                         xmlns="http://www.w3.org/2000/svg" data-sentry-element="svg"
                                         data-sentry-source-file="FilterButton.tsx">
                                        <path d="M12.1946 0.521225C12.1089 0.354675 11.9373 0.25 11.75 0.25H1.25C1.06272 0.25 0.891095 0.354675 0.80542 0.521225C0.71972 0.68775 0.73427 0.888225 0.84312 1.04062L5 6.16025V11.25C5 11.4172 5.08354 11.5733 5.22264 11.666C5.30602 11.7216 5.40269 11.75 5.50004 11.75C5.56509 11.75 5.63047 11.7373 5.6923 11.7115L7.6923 10.4615C7.87862 10.3839 8 10.2019 8 10V6.16025L12.1568 1.04062C12.2657 0.888225 12.2803 0.68775 12.1946 0.521225Z"
                                              fill="white" data-sentry-element="path"
                                              data-sentry-source-file="FilterButton.tsx"></path>
                                    </svg>
                                </div>
                                <div class="fw-text-[12px] fw-font-bold fw-leading-[15px] fw-text-white">필터</div>
                            </div>
                        </div>
                    </div>
                </div>
                <div class="fw-mb-[20px]">
                    <div id="srpKeywordTopBanner" data-sentry-component="KeywordTopBanner"
                         data-sentry-source-file="KeywordTopBanner.tsx"><a
                            href="https://shop.coupang.com/A00131685/241334?source=brandstore_display_ads&amp;adType=DA&amp;eventId=BDN0qi82oGZVuAqy"
                            target="_blank" data-sentry-element="AdLink" data-sentry-source-file="index.tsx"
                            data-sentry-component="AdLink"><img loading="lazy" class="fw-w-full"
                                                                src="https://static.coupangcdn.com/ma/cmg_paperboy/image/1742801712326/S4_PC.jpg"
                                                                alt=""/></a></div>
                </div>
                <div class="">
                    <div class="ProductList_productList__kfbKM" data-sentry-component="ProductList"
                         data-sentry-source-file="ProductList.tsx">
                        <ul id="product-list" data-sentry-component="Products"
                            data-sentry-source-file="ProductListWrapper.tsx">
                            <li class="ProductUnit_productUnit__Qd6sv" data-id="91898028262"
                                data-sentry-component="ProductItem" data-sentry-source-file="ProductItem.tsx"><a
                                    href="/vp/products/8285923292?itemId=24956500057&amp;vendorItemId=91898028262&amp;sourceType=srp_product_ads&amp;clickEventId=78fd5d20-407f-11f0-9ad7-d5d0e8a23b63&amp;korePlacement=15&amp;koreSubPlacement=37&amp;clickEventId=78fd5d20-407f-11f0-9ad7-d5d0e8a23b63&amp;korePlacement=15&amp;koreSubPlacement=37"
                                    target="_blank" data-sentry-element="AdLink" data-sentry-component="AdLink"
                                    data-sentry-source-file="index.tsx">
                                <figure class="ProductUnit_productImage__Mqcg1" data-sentry-component="ProductImage"
                                        data-sentry-source-file="ProductImage.tsx"><img alt="훗카이도 까망베르 치즈샌드, 5개, 38g"
                                                                                        data-sentry-element="Image"
                                                                                        data-sentry-source-file="ProductImage.tsx"
                                                                                        loading="lazy" width="230"
                                                                                        height="230" decoding="async"
                                                                                        data-nimg="1"
                                                                                        style="color:transparent"
                                                                                        src="//thumbnail9.coupangcdn.com/thumbnails/remote/320x320ex/image/vendor_inventory/6a8f/d3ebe817172b854a75b153fa84c0a3c1d4bde7403c77ba98eaa5f0ad09cc.png"/>
                                </figure>
                                <div class="ProductUnit_productInfo__1l0il">
                                    <div class="ProductUnit_badges__eYEJC"></div>
                                    <div class="ProductUnit_productName__gre7e">훗카이도 까망베르 치즈샌드, 5개, 38g</div>
                                    <div class="PriceArea_priceArea__NntJz" data-sentry-component="PriceArea"
                                         data-sentry-source-file="index.tsx"><span class="PriceInfo_priceInfo__VARjb"
                                                                                   data-sentry-component="PriceInfo"
                                                                                   data-sentry-source-file="PriceInfo.tsx"><span
                                            class="PriceInfo_discountRate__EsQ8I">23<!-- -->%</span><del
                                            class="PriceInfo_basePrice__8BQ32">27,500원</del></span>
                                        <div class="Price_price__tegCy" data-sentry-component="Price"
                                             data-sentry-source-file="Price.tsx">
                                            <div class="Price_salePrice__P6Mfd">
                                                <div><strong class="Price_priceValue__A4KOr">21,000원</strong></div>
                                                <div class="ImageBadge_default__JWaYp"
                                                     data-sentry-component="ImageBadge"
                                                     data-sentry-source-file="ImageBadge.tsx"><img
                                                        src="https://image7.coupangcdn.com/image/coupang/rds/logo/iphone_2x/logoRocketMerchantLargeV3R3@2x.png"
                                                        alt="로켓배송" loading="lazy"/></div>
                                            </div>
                                            <span class="UnitPrice_unitPrice__R_ZcA" data-sentry-component="UnitPrice"
                                                  data-sentry-source-file="UnitPrice.tsx">(<!-- -->10g당 1,105원
                                                <!-- -->)</span></div>
                                    </div>
                                    <div class="DeliveryInfo_delivery__c7z4P" data-sentry-component="DeliveryInfo"
                                         data-sentry-source-file="index.tsx">
                                        <div><span style="color:#008C00;font-size:14px">내일(수) </span><span
                                                style="color:#008C00;font-size:14px">도착 보장</span></div>
                                    </div>
                                    <div class="ProductRating_productRating__jjf7W"
                                         data-sentry-component="ProductRating" data-sentry-source-file="index.tsx"><span
                                            class="ProductRating_rating__lMxS9"><div class="ProductRating_star__RGSlV"
                                                                                     style="width:90%">4.5</div></span><span
                                            class="ProductRating_ratingCount__R0Vhz">(<!-- -->155<!-- -->)</span></div>
                                    <div class="ProductUnit_benefitBadges__IA2e1">
                                        <div class="BenefitBadge_cash-benefit__SmkrN"
                                             data-sentry-component="BenefitBadge"
                                             data-sentry-source-file="BenefitBadge.tsx">
                                            <div><img
                                                    src="https://image6.coupangcdn.com/image/badges/cashback/web/list-cash-icon@2x.png"
                                                    alt="최대 1,050원 적립" loading="lazy"/><span>최대 1,050원 적립</span></div>
                                        </div>
                                    </div>
                                    <div class="AdMark_adMark__KPMsC"
                                         data-adsplatform="{&quot;clickLogUri&quot;:&quot;https://mercury.coupang.com/e.gif?r=78fd5d20-407f-11f0-9ad7-d5d0e8a23b63%7E3&amp;korePlacement=15&amp;koreSubPlacement=37&quot;,&quot;impressionLogUri&quot;:&quot;https://mercury.coupang.com/e.gif?r=78fd5d20-407f-11f0-9ad7-d5d0e8a23b63%7E1&amp;korePlacement=15&amp;koreSubPlacement=37&quot;,&quot;viewImpression&quot;:&quot;https://mercury.coupang.com/e.gif?r=78fd5d20-407f-11f0-9ad7-d5d0e8a23b63%7E2&amp;korePlacement=15&amp;koreSubPlacement=37&quot;}"
                                         data-event-id="78fd5d20-407f-11f0-9ad7-d5d0e8a23b63">
                                        <div class="AdMark_tooltip__Q_PGS"><span>쿠팡으로부터 광고 서비스를 구매한 제휴업체의 판매상품으로 일반 상품보다 우선 정렬됩니다.</span>
                                        </div>
                                        <span class="AdMark_text__Rp7px">AD</span><span class="AdMark_icon__O2Q5V"><svg
                                            xmlns="http://www.w3.org/2000/svg" width="12" height="12"
                                            viewBox="0 0 12 12" data-sentry-element="svg"
                                            data-sentry-source-file="index.tsx"><g fill="none" fill-rule="evenodd"
                                                                                   opacity=".3" data-sentry-element="g"
                                                                                   data-sentry-source-file="index.tsx"><path
                                            fill="#000" fill-opacity="0" d="M0 12L12 12 12 0 0 0z"
                                            transform="translate(-1537 -743) translate(1537 743)"
                                            data-sentry-element="path" data-sentry-source-file="index.tsx"></path><path
                                            fill="#111" fill-rule="nonzero"
                                            d="M6 11.5c3.038 0 5.5-2.462 5.5-5.5S9.038.5 6 .5.5 2.962.5 6s2.462 5.5 5.5 5.5zm0 .5c-3.314 0-6-2.686-6-6s2.686-6 6-6 6 2.686 6 6-2.686 6-6 6zm.5-7v3.667L7.5 9h-3l1-.333V5.4l-1-.4h2zm-.625-2c.345 0 .625.28.625.625s-.28.625-.625.625-.625-.28-.625-.625S5.53 3 5.875 3z"
                                            transform="translate(-1537 -743) translate(1537 743)"
                                            data-sentry-element="path"
                                            data-sentry-source-file="index.tsx"></path></g></svg></span></div>
                                </div>
                            </a></li>
                            <li class="ProductUnit_productUnit__Qd6sv" data-id="91732149518"
                                data-sentry-component="ProductItem" data-sentry-source-file="ProductItem.tsx"><a
                                    href="/vp/products/6726729468?itemId=15660588483&amp;vendorItemId=91732149518&amp;q=일본과자&amp;searchId=afc562b78792054&amp;sourceType=search&amp;itemsCount=36&amp;searchRank=37&amp;rank=37"
                                    target="_blank" data-sentry-element="AdLink" data-sentry-component="AdLink"
                                    data-sentry-source-file="index.tsx">
                                <figure class="ProductUnit_productImage__Mqcg1" data-sentry-component="ProductImage"
                                        data-sentry-source-file="ProductImage.tsx"><img alt="랑그리 바닐라향 크림 샌드, 132g, 1개"
                                                                                        data-sentry-element="Image"
                                                                                        data-sentry-source-file="ProductImage.tsx"
                                                                                        loading="lazy" width="230"
                                                                                        height="230" decoding="async"
                                                                                        data-nimg="1"
                                                                                        style="color:transparent"
                                                                                        src="//thumbnail8.coupangcdn.com/thumbnails/remote/320x320ex/image/vendor_inventory/c8bd/c3a291e0aa5052b5b57b00b0b66b9197075557bbbf79e4da453450960c0e.jpg"/>
                                </figure>
                                <div class="ProductUnit_productInfo__1l0il">
                                    <div class="ProductUnit_badges__eYEJC"></div>
                                    <div class="ProductUnit_productName__gre7e">랑그리 바닐라향 크림 샌드, 132g, 1개</div>
                                    <div class="PriceArea_priceArea__NntJz" data-sentry-component="PriceArea"
                                         data-sentry-source-file="index.tsx">
                                        <div class="Price_price__tegCy" data-sentry-component="Price"
                                             data-sentry-source-file="Price.tsx">
                                            <div class="Price_salePrice__P6Mfd">
                                                <div><strong class="Price_priceValue__A4KOr">3,590원</strong></div>
                                                <div class="ImageBadge_default__JWaYp"
                                                     data-sentry-component="ImageBadge"
                                                     data-sentry-source-file="ImageBadge.tsx"><img
                                                        src="https://image6.coupangcdn.com/image/cmg/icon/ios/logo_rocket_large@3x.png"
                                                        alt="로켓배송" loading="lazy"/></div>
                                            </div>
                                            <span class="UnitPrice_unitPrice__R_ZcA" data-sentry-component="UnitPrice"
                                                  data-sentry-source-file="UnitPrice.tsx">(<!-- -->10g당 272원
                                                <!-- -->)</span></div>
                                    </div>
                                    <div class="DeliveryInfo_delivery__c7z4P" data-sentry-component="DeliveryInfo"
                                         data-sentry-source-file="index.tsx">
                                        <div><span style="color:#008C00;font-size:14px">내일(수) </span><span
                                                style="color:#008C00;font-size:14px">도착 보장</span></div>
                                    </div>
                                    <div class="UsedProductInfo_usedProductInfo__LlKZS"
                                         data-sentry-component="UsedProductInfo" data-sentry-source-file="index.tsx">
                                        <div class="UsedProductInfo_info__ICdlU"><span>새 상품</span><span>, </span><span>반품-미개봉</span><strong>
                                            (4)</strong></div>
                                        <div><span>최저</span><strong>3,130</strong><span>원</span></div>
                                    </div>
                                    <div class="ProductRating_productRating__jjf7W"
                                         data-sentry-component="ProductRating" data-sentry-source-file="index.tsx"><span
                                            class="ProductRating_rating__lMxS9"><div class="ProductRating_star__RGSlV"
                                                                                     style="width:90%">4.5</div></span><span
                                            class="ProductRating_ratingCount__R0Vhz">(<!-- -->8119<!-- -->)</span></div>
                                    <div class="ProductUnit_benefitBadges__IA2e1">
                                        <div class="BenefitBadge_cash-benefit__SmkrN"
                                             data-sentry-component="BenefitBadge"
                                             data-sentry-source-file="BenefitBadge.tsx">
                                            <div><img
                                                    src="https://image6.coupangcdn.com/image/badges/cashback/web/list-cash-icon@2x.png"
                                                    alt="최대 161원 적립" loading="lazy"/><span>최대 161원 적립</span></div>
                                        </div>
                                    </div>
                                </div>
                            </a></li>
                            <li class="ProductUnit_productUnit__Qd6sv" data-id="91528490315"
                                data-sentry-component="ProductItem" data-sentry-source-file="ProductItem.tsx"><a
                                    href="/vp/products/8472747129?itemId=25121638816&amp;vendorItemId=91528490315&amp;sourceType=srp_product_ads&amp;clickEventId=78fd5d20-407f-11f0-8c2a-869a82a9201b&amp;korePlacement=15&amp;koreSubPlacement=39&amp;clickEventId=78fd5d20-407f-11f0-8c2a-869a82a9201b&amp;korePlacement=15&amp;koreSubPlacement=39"
                                    target="_blank" data-sentry-element="AdLink" data-sentry-component="AdLink"
                                    data-sentry-source-file="index.tsx">
                                <figure class="ProductUnit_productImage__Mqcg1" data-sentry-component="ProductImage"
                                        data-sentry-source-file="ProductImage.tsx"><img
                                        alt="디즈니 줄줄이 비스킷 초코맛 과자, 40개, 15g" data-sentry-element="Image"
                                        data-sentry-source-file="ProductImage.tsx" loading="lazy" width="230"
                                        height="230" decoding="async" data-nimg="1" style="color:transparent"
                                        src="//thumbnail10.coupangcdn.com/thumbnails/remote/320x320ex/image/vendor_inventory/1c5c/be56d9d0ab81feddf0e629a861e00051ceb76e342d5742487aac3cfcf0f1.jpg"/>
                                </figure>
                                <div class="ProductUnit_productInfo__1l0il">
                                    <div class="ProductUnit_badges__eYEJC"></div>
                                    <div class="ProductUnit_productName__gre7e">디즈니 줄줄이 비스킷 초코맛 과자, 40개, 15g</div>
                                    <div class="PriceArea_priceArea__NntJz" data-sentry-component="PriceArea"
                                         data-sentry-source-file="index.tsx"><span class="PriceInfo_priceInfo__VARjb"
                                                                                   data-sentry-component="PriceInfo"
                                                                                   data-sentry-source-file="PriceInfo.tsx"><span
                                            class="PriceInfo_discountRate__EsQ8I">20<!-- -->%</span><del
                                            class="PriceInfo_basePrice__8BQ32">22,500원</del></span>
                                        <div class="Price_price__tegCy" data-sentry-component="Price"
                                             data-sentry-source-file="Price.tsx">
                                            <div class="Price_salePrice__P6Mfd">
                                                <div><strong class="Price_priceValue__A4KOr">18,000원</strong></div>
                                                <div class="ImageBadge_default__JWaYp"
                                                     data-sentry-component="ImageBadge"
                                                     data-sentry-source-file="ImageBadge.tsx"><img
                                                        src="https://image7.coupangcdn.com/image/coupang/rds/logo/iphone_2x/logoRocketMerchantLargeV3R3@2x.png"
                                                        alt="로켓배송" loading="lazy"/></div>
                                            </div>
                                            <span class="UnitPrice_unitPrice__R_ZcA" data-sentry-component="UnitPrice"
                                                  data-sentry-source-file="UnitPrice.tsx">(<!-- -->10g당 300원
                                                <!-- -->)</span></div>
                                    </div>
                                    <div class="DeliveryInfo_delivery__c7z4P" data-sentry-component="DeliveryInfo"
                                         data-sentry-source-file="index.tsx">
                                        <div><span style="color:#008C00;font-size:14px">내일(수) </span><span
                                                style="color:#008C00;font-size:14px">도착 보장</span></div>
                                    </div>
                                    <div class="ProductRating_productRating__jjf7W"
                                         data-sentry-component="ProductRating" data-sentry-source-file="index.tsx"><span
                                            class="ProductRating_rating__lMxS9"><div class="ProductRating_star__RGSlV"
                                                                                     style="width:90%">4.5</div></span><span
                                            class="ProductRating_ratingCount__R0Vhz">(<!-- -->271<!-- -->)</span></div>
                                    <div class="ProductUnit_benefitBadges__IA2e1">
                                        <div class="BenefitBadge_cash-benefit__SmkrN"
                                             data-sentry-component="BenefitBadge"
                                             data-sentry-source-file="BenefitBadge.tsx">
                                            <div><img
                                                    src="https://image6.coupangcdn.com/image/badges/cashback/web/list-cash-icon@2x.png"
                                                    alt="최대 864원 적립" loading="lazy"/><span>최대 864원 적립</span></div>
                                        </div>
                                    </div>
                                    <div class="AdMark_adMark__KPMsC"
                                         data-adsplatform="{&quot;clickLogUri&quot;:&quot;https://mercury.coupang.com/e.gif?r=78fd5d20-407f-11f0-8c2a-869a82a9201b%7E3&amp;korePlacement=15&amp;koreSubPlacement=39&quot;,&quot;impressionLogUri&quot;:&quot;https://mercury.coupang.com/e.gif?r=78fd5d20-407f-11f0-8c2a-869a82a9201b%7E1&amp;korePlacement=15&amp;koreSubPlacement=39&quot;,&quot;viewImpression&quot;:&quot;https://mercury.coupang.com/e.gif?r=78fd5d20-407f-11f0-8c2a-869a82a9201b%7E2&amp;korePlacement=15&amp;koreSubPlacement=39&quot;}"
                                         data-event-id="78fd5d20-407f-11f0-8c2a-869a82a9201b">
                                        <div class="AdMark_tooltip__Q_PGS"><span>쿠팡으로부터 광고 서비스를 구매한 제휴업체의 판매상품으로 일반 상품보다 우선 정렬됩니다.</span>
                                        </div>
                                        <span class="AdMark_text__Rp7px">AD</span><span class="AdMark_icon__O2Q5V"><svg
                                            xmlns="http://www.w3.org/2000/svg" width="12" height="12"
                                            viewBox="0 0 12 12" data-sentry-element="svg"
                                            data-sentry-source-file="index.tsx"><g fill="none" fill-rule="evenodd"
                                                                                   opacity=".3" data-sentry-element="g"
                                                                                   data-sentry-source-file="index.tsx"><path
                                            fill="#000" fill-opacity="0" d="M0 12L12 12 12 0 0 0z"
                                            transform="translate(-1537 -743) translate(1537 743)"
                                            data-sentry-element="path" data-sentry-source-file="index.tsx"></path><path
                                            fill="#111" fill-rule="nonzero"
                                            d="M6 11.5c3.038 0 5.5-2.462 5.5-5.5S9.038.5 6 .5.5 2.962.5 6s2.462 5.5 5.5 5.5zm0 .5c-3.314 0-6-2.686-6-6s2.686-6 6-6 6 2.686 6 6-2.686 6-6 6zm.5-7v3.667L7.5 9h-3l1-.333V5.4l-1-.4h2zm-.625-2c.345 0 .625.28.625.625s-.28.625-.625.625-.625-.28-.625-.625S5.53 3 5.875 3z"
                                            transform="translate(-1537 -743) translate(1537 743)"
                                            data-sentry-element="path"
                                            data-sentry-source-file="index.tsx"></path></g></svg></span></div>
                                </div>
                            </a></li>
                            <li class="ProductUnit_productUnit__Qd6sv" data-id="92020451078"
                                data-sentry-component="ProductItem" data-sentry-source-file="ProductItem.tsx"><a
                                    href="/vp/products/5700874190?itemId=24339050783&amp;vendorItemId=92020451078&amp;q=일본과자&amp;searchId=afc562b78792054&amp;sourceType=search&amp;itemsCount=36&amp;searchRank=39&amp;rank=39"
                                    target="_blank" data-sentry-element="AdLink" data-sentry-component="AdLink"
                                    data-sentry-source-file="index.tsx">
                                <figure class="ProductUnit_productImage__Mqcg1" data-sentry-component="ProductImage"
                                        data-sentry-source-file="ProductImage.tsx"><img
                                        alt="일본 오리히로 곤약젤리 8가지맛 총48개, 1세트, 960g" data-sentry-element="Image"
                                        data-sentry-source-file="ProductImage.tsx" loading="lazy" width="230"
                                        height="230" decoding="async" data-nimg="1" style="color:transparent"
                                        src="//thumbnail7.coupangcdn.com/thumbnails/remote/320x320ex/image/vendor_inventory/21da/201be9e67057d9f5b383895b86e2fe735d00b0971fb53c3d5d97e29c9f4e.jpg"/>
                                </figure>
                                <div class="ProductUnit_productInfo__1l0il">
                                    <div class="ProductUnit_badges__eYEJC"></div>
                                    <div class="ProductUnit_productName__gre7e">일본 오리히로 곤약젤리 8가지맛 총48개, 1세트, 960g</div>
                                    <div class="PriceArea_priceArea__NntJz" data-sentry-component="PriceArea"
                                         data-sentry-source-file="index.tsx"><span class="PriceInfo_priceInfo__VARjb"
                                                                                   data-sentry-component="PriceInfo"
                                                                                   data-sentry-source-file="PriceInfo.tsx"><span
                                            class="PriceInfo_discountRate__EsQ8I">99<!-- -->%</span><del
                                            class="PriceInfo_basePrice__8BQ32">17,900원</del></span>
                                        <div class="Price_price__tegCy" data-sentry-component="Price"
                                             data-sentry-source-file="Price.tsx">
                                            <div class="Price_salePrice__P6Mfd">
                                                <div><strong class="Price_priceValue__A4KOr">100원</strong></div>
                                            </div>
                                            <span class="UnitPrice_unitPrice__R_ZcA" data-sentry-component="UnitPrice"
                                                  data-sentry-source-file="UnitPrice.tsx">(<!-- -->10g당 1원
                                                <!-- -->)</span>
                                            <div class="TextBadge_feePrice__n_gta" data-sentry-component="TextBadge"
                                                 data-sentry-source-file="TextBadge.tsx">배송비 13,300원
                                            </div>
                                        </div>
                                    </div>
                                    <div class="DeliveryInfo_delivery__c7z4P" data-sentry-component="DeliveryInfo"
                                         data-sentry-source-file="index.tsx">
                                        <div><span style="color:#212B36;font-size:14px">6/19 </span><span
                                                style="color:#212B36;font-size:14px">도착 예정</span></div>
                                    </div>
                                    <div class="ProductRating_productRating__jjf7W"
                                         data-sentry-component="ProductRating" data-sentry-source-file="index.tsx"><span
                                            class="ProductRating_rating__lMxS9"><div class="ProductRating_star__RGSlV"
                                                                                     style="width:100%">5</div></span><span
                                            class="ProductRating_ratingCount__R0Vhz">(<!-- -->4434<!-- -->)</span></div>
                                    <div class="ProductUnit_benefitBadges__IA2e1">
                                        <div class="BenefitBadge_cash-benefit__SmkrN"
                                             data-sentry-component="BenefitBadge"
                                             data-sentry-source-file="BenefitBadge.tsx">
                                            <div><img
                                                    src="https://image6.coupangcdn.com/image/badges/cashback/web/list-cash-icon@2x.png"
                                                    alt="최대 5원 적립" loading="lazy"/><span>최대 5원 적립</span></div>
                                        </div>
                                    </div>
                                </div>
                            </a></li>
                            <li class="ProductUnit_productUnit__Qd6sv" data-id="88009949873"
                                data-sentry-component="ProductItem" data-sentry-source-file="ProductItem.tsx"><a
                                    href="/vp/products/7737745297?itemId=20809697786&amp;vendorItemId=88009949873&amp;sourceType=srp_product_ads&amp;clickEventId=78fd8430-407f-11f0-b2f8-e681bb780ed7&amp;korePlacement=15&amp;koreSubPlacement=41&amp;clickEventId=78fd8430-407f-11f0-b2f8-e681bb780ed7&amp;korePlacement=15&amp;koreSubPlacement=41"
                                    target="_blank" data-sentry-element="AdLink" data-sentry-component="AdLink"
                                    data-sentry-source-file="index.tsx">
                                <figure class="ProductUnit_productImage__Mqcg1" data-sentry-component="ProductImage"
                                        data-sentry-source-file="ProductImage.tsx"><img
                                        alt="유밀가 무설탕 수제 우유 약과 12개입, 336g, 1개" data-sentry-element="Image"
                                        data-sentry-source-file="ProductImage.tsx" loading="lazy" width="230"
                                        height="230" decoding="async" data-nimg="1" style="color:transparent"
                                        src="//thumbnail6.coupangcdn.com/thumbnails/remote/320x320ex/image/vendor_inventory/062b/ef6a70eccc742db57d29ca50c356d4c79e28bca997232ba245e50417e850.jpg"/>
                                </figure>
                                <div class="ProductUnit_productInfo__1l0il">
                                    <div class="ProductUnit_badges__eYEJC"></div>
                                    <div class="ProductUnit_productName__gre7e">유밀가 무설탕 수제 우유 약과 12개입, 336g, 1개</div>
                                    <div class="PriceArea_priceArea__NntJz" data-sentry-component="PriceArea"
                                         data-sentry-source-file="index.tsx"><span class="PriceInfo_priceInfo__VARjb"
                                                                                   data-sentry-component="PriceInfo"
                                                                                   data-sentry-source-file="PriceInfo.tsx"><span
                                            class="PriceInfo_discountRate__EsQ8I">2<!-- -->%</span><del
                                            class="PriceInfo_basePrice__8BQ32">32,000원</del></span>
                                        <div class="Price_price__tegCy" data-sentry-component="Price"
                                             data-sentry-source-file="Price.tsx">
                                            <div class="Price_salePrice__P6Mfd">
                                                <div><strong class="Price_priceValue__A4KOr">31,290원</strong></div>
                                                <div class="ImageBadge_default__JWaYp"
                                                     data-sentry-component="ImageBadge"
                                                     data-sentry-source-file="ImageBadge.tsx"><img
                                                        src="https://image7.coupangcdn.com/image/coupang/rds/logo/iphone_2x/logoRocketMerchantLargeV3R3@2x.png"
                                                        alt="로켓배송" loading="lazy"/></div>
                                            </div>
                                            <span class="UnitPrice_unitPrice__R_ZcA" data-sentry-component="UnitPrice"
                                                  data-sentry-source-file="UnitPrice.tsx">(<!-- -->10g당 931원
                                                <!-- -->)</span></div>
                                    </div>
                                    <div class="DeliveryInfo_delivery__c7z4P" data-sentry-component="DeliveryInfo"
                                         data-sentry-source-file="index.tsx">
                                        <div><span style="color:#008C00;font-size:14px">내일(수) </span><span
                                                style="color:#008C00;font-size:14px">도착 보장</span></div>
                                    </div>
                                    <div class="UsedProductInfo_usedProductInfo__LlKZS"
                                         data-sentry-component="UsedProductInfo" data-sentry-source-file="index.tsx">
                                        <div class="UsedProductInfo_info__ICdlU"><span>새 상품</span><span>, </span><span>반품-미개봉</span><strong>
                                            (3)</strong></div>
                                        <div><span>최저</span><strong>26,640</strong><span>원</span></div>
                                    </div>
                                    <div class="ProductRating_productRating__jjf7W"
                                         data-sentry-component="ProductRating" data-sentry-source-file="index.tsx"><span
                                            class="ProductRating_rating__lMxS9"><div class="ProductRating_star__RGSlV"
                                                                                     style="width:90%">4.5</div></span><span
                                            class="ProductRating_ratingCount__R0Vhz">(<!-- -->850<!-- -->)</span></div>
                                    <div class="ProductUnit_benefitBadges__IA2e1">
                                        <div class="BenefitBadge_cash-benefit__SmkrN"
                                             data-sentry-component="BenefitBadge"
                                             data-sentry-source-file="BenefitBadge.tsx">
                                            <div><img
                                                    src="https://image6.coupangcdn.com/image/badges/cashback/web/list-cash-icon@2x.png"
                                                    alt="최대 1,332원 적립" loading="lazy"/><span>최대 1,332원 적립</span></div>
                                        </div>
                                    </div>
                                    <div class="AdMark_adMark__KPMsC"
                                         data-adsplatform="{&quot;clickLogUri&quot;:&quot;https://mercury.coupang.com/e.gif?r=78fd8430-407f-11f0-b2f8-e681bb780ed7%7E3&amp;korePlacement=15&amp;koreSubPlacement=41&quot;,&quot;impressionLogUri&quot;:&quot;https://mercury.coupang.com/e.gif?r=78fd8430-407f-11f0-b2f8-e681bb780ed7%7E1&amp;korePlacement=15&amp;koreSubPlacement=41&quot;,&quot;viewImpression&quot;:&quot;https://mercury.coupang.com/e.gif?r=78fd8430-407f-11f0-b2f8-e681bb780ed7%7E2&amp;korePlacement=15&amp;koreSubPlacement=41&quot;}"
                                         data-event-id="78fd8430-407f-11f0-b2f8-e681bb780ed7">
                                        <div class="AdMark_tooltip__Q_PGS"><span>쿠팡으로부터 광고 서비스를 구매한 제휴업체의 판매상품으로 일반 상품보다 우선 정렬됩니다.</span>
                                        </div>
                                        <span class="AdMark_text__Rp7px">AD</span><span class="AdMark_icon__O2Q5V"><svg
                                            xmlns="http://www.w3.org/2000/svg" width="12" height="12"
                                            viewBox="0 0 12 12" data-sentry-element="svg"
                                            data-sentry-source-file="index.tsx"><g fill="none" fill-rule="evenodd"
                                                                                   opacity=".3" data-sentry-element="g"
                                                                                   data-sentry-source-file="index.tsx"><path
                                            fill="#000" fill-opacity="0" d="M0 12L12 12 12 0 0 0z"
                                            transform="translate(-1537 -743) translate(1537 743)"
                                            data-sentry-element="path" data-sentry-source-file="index.tsx"></path><path
                                            fill="#111" fill-rule="nonzero"
                                            d="M6 11.5c3.038 0 5.5-2.462 5.5-5.5S9.038.5 6 .5.5 2.962.5 6s2.462 5.5 5.5 5.5zm0 .5c-3.314 0-6-2.686-6-6s2.686-6 6-6 6 2.686 6 6-2.686 6-6 6zm.5-7v3.667L7.5 9h-3l1-.333V5.4l-1-.4h2zm-.625-2c.345 0 .625.28.625.625s-.28.625-.625.625-.625-.28-.625-.625S5.53 3 5.875 3z"
                                            transform="translate(-1537 -743) translate(1537 743)"
                                            data-sentry-element="path"
                                            data-sentry-source-file="index.tsx"></path></g></svg></span></div>
                                </div>
                            </a></li>
                            <li class="ProductUnit_productUnit__Qd6sv" data-id="91732149578"
                                data-sentry-component="ProductItem" data-sentry-source-file="ProductItem.tsx"><a
                                    href="/vp/products/6726729540?itemId=15660588810&amp;vendorItemId=91732149578&amp;q=일본과자&amp;searchId=afc562b78792054&amp;sourceType=search&amp;itemsCount=36&amp;searchRank=41&amp;rank=41"
                                    target="_blank" data-sentry-element="AdLink" data-sentry-component="AdLink"
                                    data-sentry-source-file="index.tsx">
                                <figure class="ProductUnit_productImage__Mqcg1" data-sentry-component="ProductImage"
                                        data-sentry-source-file="ProductImage.tsx"><img alt="랑그리 초코 크림샌드, 132g, 1개"
                                                                                        data-sentry-element="Image"
                                                                                        data-sentry-source-file="ProductImage.tsx"
                                                                                        loading="lazy" width="230"
                                                                                        height="230" decoding="async"
                                                                                        data-nimg="1"
                                                                                        style="color:transparent"
                                                                                        src="//thumbnail8.coupangcdn.com/thumbnails/remote/320x320ex/image/vendor_inventory/caa8/fc4cf2ab3ee06fdc5ca6576bd5993a5afe035b274d291bb60865e8ee8a2d.jpg"/>
                                </figure>
                                <div class="ProductUnit_productInfo__1l0il">
                                    <div class="ProductUnit_badges__eYEJC"></div>
                                    <div class="ProductUnit_productName__gre7e">랑그리 초코 크림샌드, 132g, 1개</div>
                                    <div class="PriceArea_priceArea__NntJz" data-sentry-component="PriceArea"
                                         data-sentry-source-file="index.tsx">
                                        <div class="Price_price__tegCy" data-sentry-component="Price"
                                             data-sentry-source-file="Price.tsx">
                                            <div class="Price_salePrice__P6Mfd">
                                                <div><strong class="Price_priceValue__A4KOr">4,950원</strong></div>
                                                <div class="ImageBadge_default__JWaYp"
                                                     data-sentry-component="ImageBadge"
                                                     data-sentry-source-file="ImageBadge.tsx"><img
                                                        src="https://image6.coupangcdn.com/image/cmg/icon/ios/logo_rocket_large@3x.png"
                                                        alt="로켓배송" loading="lazy"/></div>
                                            </div>
                                            <span class="UnitPrice_unitPrice__R_ZcA" data-sentry-component="UnitPrice"
                                                  data-sentry-source-file="UnitPrice.tsx">(<!-- -->10g당 375원
                                                <!-- -->)</span></div>
                                    </div>
                                    <div class="DeliveryInfo_delivery__c7z4P" data-sentry-component="DeliveryInfo"
                                         data-sentry-source-file="index.tsx">
                                        <div><span style="color:#008C00;font-size:14px">내일(수) </span><span
                                                style="color:#008C00;font-size:14px">도착 보장</span></div>
                                    </div>
                                    <div class="UsedProductInfo_usedProductInfo__LlKZS"
                                         data-sentry-component="UsedProductInfo" data-sentry-source-file="index.tsx">
                                        <div class="UsedProductInfo_info__ICdlU"><span>새 상품</span><span>, </span><span>반품-미개봉</span><strong>
                                            (3)</strong></div>
                                        <div><span>최저</span><strong>4,310</strong><span>원</span></div>
                                    </div>
                                    <div class="ProductRating_productRating__jjf7W"
                                         data-sentry-component="ProductRating" data-sentry-source-file="index.tsx"><span
                                            class="ProductRating_rating__lMxS9"><div class="ProductRating_star__RGSlV"
                                                                                     style="width:90%">4.5</div></span><span
                                            class="ProductRating_ratingCount__R0Vhz">(<!-- -->3275<!-- -->)</span></div>
                                    <div class="ProductUnit_benefitBadges__IA2e1">
                                        <div class="BenefitBadge_cash-benefit__SmkrN"
                                             data-sentry-component="BenefitBadge"
                                             data-sentry-source-file="BenefitBadge.tsx">
                                            <div><img
                                                    src="https://image6.coupangcdn.com/image/badges/cashback/web/list-cash-icon@2x.png"
                                                    alt="최대 223원 적립" loading="lazy"/><span>최대 223원 적립</span></div>
                                        </div>
                                    </div>
                                </div>
                            </a></li>
                            <li class="ProductUnit_productUnit__Qd6sv" data-id="84641985853"
                                data-sentry-component="ProductItem" data-sentry-source-file="ProductItem.tsx"><a
                                    href="/vp/products/6342512394?itemId=18506607615&amp;vendorItemId=84641985853&amp;sourceType=srp_product_ads&amp;clickEventId=78fd8430-407f-11f0-bf12-954cf441cf1e&amp;korePlacement=15&amp;koreSubPlacement=43&amp;clickEventId=78fd8430-407f-11f0-bf12-954cf441cf1e&amp;korePlacement=15&amp;koreSubPlacement=43"
                                    target="_blank" data-sentry-element="AdLink" data-sentry-component="AdLink"
                                    data-sentry-source-file="index.tsx">
                                <figure class="ProductUnit_productImage__Mqcg1" data-sentry-component="ProductImage"
                                        data-sentry-source-file="ProductImage.tsx"><img alt="타로운세 포춘쿠키 24p, 120g, 1개"
                                                                                        data-sentry-element="Image"
                                                                                        data-sentry-source-file="ProductImage.tsx"
                                                                                        loading="lazy" width="230"
                                                                                        height="230" decoding="async"
                                                                                        data-nimg="1"
                                                                                        style="color:transparent"
                                                                                        src="//thumbnail7.coupangcdn.com/thumbnails/remote/320x320ex/image/retail/images/126083238884982-60b0dfed-c03d-4ebc-8ea3-bb70290aba40.jpg"/>
                                </figure>
                                <div class="ProductUnit_productInfo__1l0il">
                                    <div class="ProductUnit_badges__eYEJC"></div>
                                    <div class="ProductUnit_productName__gre7e">타로운세 포춘쿠키 24p, 120g, 1개</div>
                                    <div class="PriceArea_priceArea__NntJz" data-sentry-component="PriceArea"
                                         data-sentry-source-file="index.tsx">
                                        <div class="Price_price__tegCy" data-sentry-component="Price"
                                             data-sentry-source-file="Price.tsx">
                                            <div class="Price_salePrice__P6Mfd">
                                                <div><strong class="Price_priceValue__A4KOr">33,750원</strong></div>
                                                <div class="ImageBadge_default__JWaYp"
                                                     data-sentry-component="ImageBadge"
                                                     data-sentry-source-file="ImageBadge.tsx"><img
                                                        src="https://image6.coupangcdn.com/image/cmg/icon/ios/logo_rocket_large@3x.png"
                                                        alt="로켓배송" loading="lazy"/></div>
                                            </div>
                                            <span class="UnitPrice_unitPrice__R_ZcA" data-sentry-component="UnitPrice"
                                                  data-sentry-source-file="UnitPrice.tsx">(<!-- -->10g당 2,813원
                                                <!-- -->)</span></div>
                                    </div>
                                    <div class="DeliveryInfo_delivery__c7z4P" data-sentry-component="DeliveryInfo"
                                         data-sentry-source-file="index.tsx">
                                        <div><span style="color:#008C00;font-size:14px">내일(수) </span><span
                                                style="color:#008C00;font-size:14px">도착 보장</span></div>
                                    </div>
                                    <div class="UsedProductInfo_usedProductInfo__LlKZS"
                                         data-sentry-component="UsedProductInfo" data-sentry-source-file="index.tsx">
                                        <div class="UsedProductInfo_info__ICdlU"><span>새 상품</span><span>, </span><span>반품-미개봉</span><strong>
                                            (2)</strong></div>
                                        <div><span>최저</span><strong>31,090</strong><span>원</span></div>
                                    </div>
                                    <div class="ProductRating_productRating__jjf7W"
                                         data-sentry-component="ProductRating" data-sentry-source-file="index.tsx"><span
                                            class="ProductRating_rating__lMxS9"><div class="ProductRating_star__RGSlV"
                                                                                     style="width:90%">4.5</div></span><span
                                            class="ProductRating_ratingCount__R0Vhz">(<!-- -->130<!-- -->)</span></div>
                                    <div class="ProductUnit_benefitBadges__IA2e1">
                                        <div class="BenefitBadge_cash-benefit__SmkrN"
                                             data-sentry-component="BenefitBadge"
                                             data-sentry-source-file="BenefitBadge.tsx">
                                            <div><img
                                                    src="https://image6.coupangcdn.com/image/badges/cashback/web/list-cash-icon@2x.png"
                                                    alt="최대 1,603원 적립" loading="lazy"/><span>최대 1,603원 적립</span></div>
                                        </div>
                                    </div>
                                    <div class="AdMark_adMark__KPMsC"
                                         data-adsplatform="{&quot;clickLogUri&quot;:&quot;https://mercury.coupang.com/e.gif?r=78fd8430-407f-11f0-bf12-954cf441cf1e%7E3&amp;korePlacement=15&amp;koreSubPlacement=43&quot;,&quot;impressionLogUri&quot;:&quot;https://mercury.coupang.com/e.gif?r=78fd8430-407f-11f0-bf12-954cf441cf1e%7E1&amp;korePlacement=15&amp;koreSubPlacement=43&quot;,&quot;viewImpression&quot;:&quot;https://mercury.coupang.com/e.gif?r=78fd8430-407f-11f0-bf12-954cf441cf1e%7E2&amp;korePlacement=15&amp;koreSubPlacement=43&quot;}"
                                         data-event-id="78fd8430-407f-11f0-bf12-954cf441cf1e">
                                        <div class="AdMark_tooltip__Q_PGS"><span>쿠팡으로부터 광고 서비스를 구매한 제휴업체의 판매상품으로 일반 상품보다 우선 정렬됩니다.</span>
                                        </div>
                                        <span class="AdMark_text__Rp7px">AD</span><span class="AdMark_icon__O2Q5V"><svg
                                            xmlns="http://www.w3.org/2000/svg" width="12" height="12"
                                            viewBox="0 0 12 12" data-sentry-element="svg"
                                            data-sentry-source-file="index.tsx"><g fill="none" fill-rule="evenodd"
                                                                                   opacity=".3" data-sentry-element="g"
                                                                                   data-sentry-source-file="index.tsx"><path
                                            fill="#000" fill-opacity="0" d="M0 12L12 12 12 0 0 0z"
                                            transform="translate(-1537 -743) translate(1537 743)"
                                            data-sentry-element="path" data-sentry-source-file="index.tsx"></path><path
                                            fill="#111" fill-rule="nonzero"
                                            d="M6 11.5c3.038 0 5.5-2.462 5.5-5.5S9.038.5 6 .5.5 2.962.5 6s2.462 5.5 5.5 5.5zm0 .5c-3.314 0-6-2.686-6-6s2.686-6 6-6 6 2.686 6 6-2.686 6-6 6zm.5-7v3.667L7.5 9h-3l1-.333V5.4l-1-.4h2zm-.625-2c.345 0 .625.28.625.625s-.28.625-.625.625-.625-.28-.625-.625S5.53 3 5.875 3z"
                                            transform="translate(-1537 -743) translate(1537 743)"
                                            data-sentry-element="path"
                                            data-sentry-source-file="index.tsx"></path></g></svg></span></div>
                                </div>
                            </a></li>
                            <li class="ProductUnit_productUnit__Qd6sv" data-id="92544133692"
                                data-sentry-component="ProductItem" data-sentry-source-file="ProductItem.tsx"><a
                                    href="/vp/products/8781978697?itemId=25552692325&amp;vendorItemId=92544133692&amp;q=일본과자&amp;searchId=afc562b78792054&amp;sourceType=search&amp;itemsCount=36&amp;searchRank=43&amp;rank=43"
                                    target="_blank" data-sentry-element="AdLink" data-sentry-component="AdLink"
                                    data-sentry-source-file="index.tsx">
                                <figure class="ProductUnit_productImage__Mqcg1" data-sentry-component="ProductImage"
                                        data-sentry-source-file="ProductImage.tsx"><img
                                        alt="키리모찌 이나리 아게모치 맛소금 기름아게 잘라낸 떡 안주 과자 진미, 키리모찌 이나리 아게모치 맛소금 기름아게 잘라낸 떡 안"
                                        data-sentry-element="Image" data-sentry-source-file="ProductImage.tsx"
                                        loading="lazy" width="230" height="230" decoding="async" data-nimg="1"
                                        style="color:transparent"
                                        src="//thumbnail7.coupangcdn.com/thumbnails/remote/320x320ex/image/vendor_inventory/561d/5c0cbb231a725ef4c918b5ef8485223e6db7d978fdf8eb9eb62106cfcd5d.jpg"/>
                                </figure>
                                <div class="ProductUnit_productInfo__1l0il">
                                    <div class="ProductUnit_badges__eYEJC">
                                        <div class="TextBadge_delivery__STgTC" data-sentry-component="TextBadge"
                                             data-sentry-source-file="TextBadge.tsx">무료배송
                                        </div>
                                    </div>
                                    <div class="ProductUnit_productName__gre7e">키리모찌 이나리 아게모치 맛소금 기름아게 잘라낸 떡 안주 과자 진미,
                                        키리모찌 이나리 아게모치 맛소금 기름아게 잘라낸 떡 안
                                    </div>
                                    <div class="PriceArea_priceArea__NntJz" data-sentry-component="PriceArea"
                                         data-sentry-source-file="index.tsx">
                                        <div class="Price_price__tegCy" data-sentry-component="Price"
                                             data-sentry-source-file="Price.tsx">
                                            <div class="Price_salePrice__P6Mfd">
                                                <div><strong class="Price_priceValue__A4KOr">46,200원</strong></div>
                                            </div>
                                        </div>
                                    </div>
                                    <div class="DeliveryInfo_delivery__c7z4P" data-sentry-component="DeliveryInfo"
                                         data-sentry-source-file="index.tsx">
                                        <div><span style="color:#212B36;font-size:14px">6/26 </span><span
                                                style="color:#212B36;font-size:14px">도착 예정</span></div>
                                    </div>
                                    <div class="ProductUnit_benefitBadges__IA2e1">
                                        <div class="BenefitBadge_cash-benefit__SmkrN"
                                             data-sentry-component="BenefitBadge"
                                             data-sentry-source-file="BenefitBadge.tsx">
                                            <div><img
                                                    src="https://image6.coupangcdn.com/image/badges/cashback/web/list-cash-icon@2x.png"
                                                    alt="최대 2,310원 적립" loading="lazy"/><span>최대 2,310원 적립</span></div>
                                        </div>
                                    </div>
                                </div>
                            </a></li>
                            <li class="ProductUnit_productUnit__Qd6sv" data-id="84084786093"
                                data-sentry-component="ProductItem" data-sentry-source-file="ProductItem.tsx"><a
                                    href="/vp/products/7109736565?itemId=18889528059&amp;vendorItemId=84084786093&amp;q=일본과자&amp;searchId=afc562b78792054&amp;sourceType=search&amp;itemsCount=36&amp;searchRank=44&amp;rank=44"
                                    target="_blank" data-sentry-element="AdLink" data-sentry-component="AdLink"
                                    data-sentry-source-file="index.tsx">
                                <figure class="ProductUnit_productImage__Mqcg1" data-sentry-component="ProductImage"
                                        data-sentry-source-file="ProductImage.tsx"><img alt="밤긴돈 밤만쥬, 300g, 1개"
                                                                                        data-sentry-element="Image"
                                                                                        data-sentry-source-file="ProductImage.tsx"
                                                                                        loading="lazy" width="230"
                                                                                        height="230" decoding="async"
                                                                                        data-nimg="1"
                                                                                        style="color:transparent"
                                                                                        src="//thumbnail9.coupangcdn.com/thumbnails/remote/320x320ex/image/vendor_inventory/1cf4/503753290327c14ad8bd5ee0412a35323dcb1d801383a16cfc816acf7c8e.jpg"/>
                                </figure>
                                <div class="ProductUnit_productInfo__1l0il">
                                    <div class="ProductUnit_badges__eYEJC"></div>
                                    <div class="ProductUnit_productName__gre7e">밤긴돈 밤만쥬, 300g, 1개</div>
                                    <div class="PriceArea_priceArea__NntJz" data-sentry-component="PriceArea"
                                         data-sentry-source-file="index.tsx">
                                        <div class="Price_price__tegCy" data-sentry-component="Price"
                                             data-sentry-source-file="Price.tsx">
                                            <div class="Price_salePrice__P6Mfd">
                                                <div><strong class="Price_priceValue__A4KOr">6,600원</strong></div>
                                                <div class="ImageBadge_default__JWaYp"
                                                     data-sentry-component="ImageBadge"
                                                     data-sentry-source-file="ImageBadge.tsx"><img
                                                        src="https://image6.coupangcdn.com/image/cmg/icon/ios/logo_rocket_large@3x.png"
                                                        alt="로켓배송" loading="lazy"/></div>
                                            </div>
                                            <span class="UnitPrice_unitPrice__R_ZcA" data-sentry-component="UnitPrice"
                                                  data-sentry-source-file="UnitPrice.tsx">(<!-- -->10g당 220원
                                                <!-- -->)</span></div>
                                    </div>
                                    <div class="DeliveryInfo_delivery__c7z4P" data-sentry-component="DeliveryInfo"
                                         data-sentry-source-file="index.tsx">
                                        <div><span style="color:#008C00;font-size:14px">내일(수) </span><span
                                                style="color:#008C00;font-size:14px">도착 보장</span></div>
                                    </div>
                                    <div class="ProductRating_productRating__jjf7W"
                                         data-sentry-component="ProductRating" data-sentry-source-file="index.tsx"><span
                                            class="ProductRating_rating__lMxS9"><div class="ProductRating_star__RGSlV"
                                                                                     style="width:90%">4.5</div></span><span
                                            class="ProductRating_ratingCount__R0Vhz">(<!-- -->1616<!-- -->)</span></div>
                                    <div class="ProductUnit_benefitBadges__IA2e1">
                                        <div class="BenefitBadge_cash-benefit__SmkrN"
                                             data-sentry-component="BenefitBadge"
                                             data-sentry-source-file="BenefitBadge.tsx">
                                            <div><img
                                                    src="https://image6.coupangcdn.com/image/badges/cashback/web/list-cash-icon@2x.png"
                                                    alt="최대 330원 적립" loading="lazy"/><span>최대 330원 적립</span></div>
                                        </div>
                                    </div>
                                </div>
                            </a></li>
                            <li class="ProductUnit_productUnit__Qd6sv" data-id="85006354415"
                                data-sentry-component="ProductItem" data-sentry-source-file="ProductItem.tsx"><a
                                    href="/vp/products/6976086727?itemId=20922792412&amp;vendorItemId=85006354415&amp;q=일본과자&amp;searchId=afc562b78792054&amp;sourceType=search&amp;itemsCount=36&amp;searchRank=45&amp;rank=45"
                                    target="_blank" data-sentry-element="AdLink" data-sentry-component="AdLink"
                                    data-sentry-source-file="index.tsx">
                                <figure class="ProductUnit_productImage__Mqcg1" data-sentry-component="ProductImage"
                                        data-sentry-source-file="ProductImage.tsx"><img
                                        alt="슈퍼비비가 크리스피 10가지 야채맛 비스킷, 288g, 1개" data-sentry-element="Image"
                                        data-sentry-source-file="ProductImage.tsx" loading="lazy" width="230"
                                        height="230" decoding="async" data-nimg="1" style="color:transparent"
                                        src="//thumbnail7.coupangcdn.com/thumbnails/remote/320x320ex/image/1025_amir_coupang_oct_80k/ffb5/5f2802177fea561b2ddc1281ee0ef3fcd4fb9d4eb349f932f8c8f6b28438.jpg"/>
                                </figure>
                                <div class="ProductUnit_productInfo__1l0il">
                                    <div class="ProductUnit_badges__eYEJC"></div>
                                    <div class="ProductUnit_productName__gre7e">슈퍼비비가 크리스피 10가지 야채맛 비스킷, 288g, 1개</div>
                                    <div class="PriceArea_priceArea__NntJz" data-sentry-component="PriceArea"
                                         data-sentry-source-file="index.tsx">
                                        <div class="Price_price__tegCy" data-sentry-component="Price"
                                             data-sentry-source-file="Price.tsx">
                                            <div class="Price_salePrice__P6Mfd">
                                                <div><strong class="Price_priceValue__A4KOr">5,200원</strong></div>
                                                <div class="ImageBadge_default__JWaYp"
                                                     data-sentry-component="ImageBadge"
                                                     data-sentry-source-file="ImageBadge.tsx"><img
                                                        src="https://image6.coupangcdn.com/image/cmg/icon/ios/logo_rocket_large@3x.png"
                                                        alt="로켓배송" loading="lazy"/></div>
                                            </div>
                                            <span class="UnitPrice_unitPrice__R_ZcA" data-sentry-component="UnitPrice"
                                                  data-sentry-source-file="UnitPrice.tsx">(<!-- -->10g당 181원
                                                <!-- -->)</span></div>
                                    </div>
                                    <div class="DeliveryInfo_delivery__c7z4P" data-sentry-component="DeliveryInfo"
                                         data-sentry-source-file="index.tsx">
                                        <div><span style="color:#008C00;font-size:14px">내일(수) </span><span
                                                style="color:#008C00;font-size:14px">도착 보장</span></div>
                                    </div>
                                    <div class="ProductRating_productRating__jjf7W"
                                         data-sentry-component="ProductRating" data-sentry-source-file="index.tsx"><span
                                            class="ProductRating_rating__lMxS9"><div class="ProductRating_star__RGSlV"
                                                                                     style="width:90%">4.5</div></span><span
                                            class="ProductRating_ratingCount__R0Vhz">(<!-- -->2262<!-- -->)</span></div>
                                    <div class="ProductUnit_benefitBadges__IA2e1">
                                        <div class="BenefitBadge_cash-benefit__SmkrN"
                                             data-sentry-component="BenefitBadge"
                                             data-sentry-source-file="BenefitBadge.tsx">
                                            <div><img
                                                    src="https://image6.coupangcdn.com/image/badges/cashback/web/list-cash-icon@2x.png"
                                                    alt="최대 260원 적립" loading="lazy"/><span>최대 260원 적립</span></div>
                                        </div>
                                    </div>
                                </div>
                            </a></li>
                            <li class="ProductUnit_productUnit__Qd6sv" data-id="84475989667"
                                data-sentry-component="ProductItem" data-sentry-source-file="ProductItem.tsx"><a
                                    href="/vp/products/7043185522?itemId=17305098717&amp;vendorItemId=84475989667&amp;sourceType=srp_product_ads&amp;clickEventId=78fd8430-407f-11f0-95e5-ab13a374cd31&amp;korePlacement=15&amp;koreSubPlacement=47&amp;clickEventId=78fd8430-407f-11f0-95e5-ab13a374cd31&amp;korePlacement=15&amp;koreSubPlacement=47"
                                    target="_blank" data-sentry-element="AdLink" data-sentry-component="AdLink"
                                    data-sentry-source-file="index.tsx">
                                <figure class="ProductUnit_productImage__Mqcg1" data-sentry-component="ProductImage"
                                        data-sentry-source-file="ProductImage.tsx"><img
                                        alt="코끼리 와우 더블롤 김스낵 오리지널, 25g, 12개" data-sentry-element="Image"
                                        data-sentry-source-file="ProductImage.tsx" loading="lazy" width="230"
                                        height="230" decoding="async" data-nimg="1" style="color:transparent"
                                        src="//thumbnail9.coupangcdn.com/thumbnails/remote/320x320ex/image/retail/images/2022/12/26/15/5/05a21894-0adc-4710-b473-e3a026fa7ae2.jpg"/>
                                </figure>
                                <div class="ProductUnit_productInfo__1l0il">
                                    <div class="ProductUnit_badges__eYEJC"></div>
                                    <div class="ProductUnit_productName__gre7e">코끼리 와우 더블롤 김스낵 오리지널, 25g, 12개</div>
                                    <div class="PriceArea_priceArea__NntJz" data-sentry-component="PriceArea"
                                         data-sentry-source-file="index.tsx">
                                        <div class="Price_price__tegCy" data-sentry-component="Price"
                                             data-sentry-source-file="Price.tsx">
                                            <div class="Price_salePrice__P6Mfd">
                                                <div><strong class="Price_priceValue__A4KOr">48,000원</strong></div>
                                                <div class="ImageBadge_default__JWaYp"
                                                     data-sentry-component="ImageBadge"
                                                     data-sentry-source-file="ImageBadge.tsx"><img
                                                        src="https://image6.coupangcdn.com/image/cmg/icon/ios/logo_rocket_large@3x.png"
                                                        alt="로켓배송" loading="lazy"/></div>
                                            </div>
                                            <span class="UnitPrice_unitPrice__R_ZcA" data-sentry-component="UnitPrice"
                                                  data-sentry-source-file="UnitPrice.tsx">(<!-- -->10g당 1,600원
                                                <!-- -->)</span></div>
                                    </div>
                                    <div class="DeliveryInfo_delivery__c7z4P" data-sentry-component="DeliveryInfo"
                                         data-sentry-source-file="index.tsx">
                                        <div><span style="color:#008C00;font-size:14px">내일(수) </span><span
                                                style="color:#008C00;font-size:14px">도착 보장</span></div>
                                    </div>
                                    <div class="ProductRating_productRating__jjf7W"
                                         data-sentry-component="ProductRating" data-sentry-source-file="index.tsx"><span
                                            class="ProductRating_rating__lMxS9"><div class="ProductRating_star__RGSlV"
                                                                                     style="width:90%">4.5</div></span><span
                                            class="ProductRating_ratingCount__R0Vhz">(<!-- -->412<!-- -->)</span></div>
                                    <div class="ProductUnit_benefitBadges__IA2e1">
                                        <div class="BenefitBadge_cash-benefit__SmkrN"
                                             data-sentry-component="BenefitBadge"
                                             data-sentry-source-file="BenefitBadge.tsx">
                                            <div><img
                                                    src="https://image6.coupangcdn.com/image/badges/cashback/web/list-cash-icon@2x.png"
                                                    alt="최대 2,400원 적립" loading="lazy"/><span>최대 2,400원 적립</span></div>
                                        </div>
                                    </div>
                                    <div class="AdMark_adMark__KPMsC"
                                         data-adsplatform="{&quot;clickLogUri&quot;:&quot;https://mercury.coupang.com/e.gif?r=78fd8430-407f-11f0-95e5-ab13a374cd31%7E3&amp;korePlacement=15&amp;koreSubPlacement=47&quot;,&quot;impressionLogUri&quot;:&quot;https://mercury.coupang.com/e.gif?r=78fd8430-407f-11f0-95e5-ab13a374cd31%7E1&amp;korePlacement=15&amp;koreSubPlacement=47&quot;,&quot;viewImpression&quot;:&quot;https://mercury.coupang.com/e.gif?r=78fd8430-407f-11f0-95e5-ab13a374cd31%7E2&amp;korePlacement=15&amp;koreSubPlacement=47&quot;}"
                                         data-event-id="78fd8430-407f-11f0-95e5-ab13a374cd31">
                                        <div class="AdMark_tooltip__Q_PGS"><span>쿠팡으로부터 광고 서비스를 구매한 제휴업체의 판매상품으로 일반 상품보다 우선 정렬됩니다.</span>
                                        </div>
                                        <span class="AdMark_text__Rp7px">AD</span><span class="AdMark_icon__O2Q5V"><svg
                                            xmlns="http://www.w3.org/2000/svg" width="12" height="12"
                                            viewBox="0 0 12 12" data-sentry-element="svg"
                                            data-sentry-source-file="index.tsx"><g fill="none" fill-rule="evenodd"
                                                                                   opacity=".3" data-sentry-element="g"
                                                                                   data-sentry-source-file="index.tsx"><path
                                            fill="#000" fill-opacity="0" d="M0 12L12 12 12 0 0 0z"
                                            transform="translate(-1537 -743) translate(1537 743)"
                                            data-sentry-element="path" data-sentry-source-file="index.tsx"></path><path
                                            fill="#111" fill-rule="nonzero"
                                            d="M6 11.5c3.038 0 5.5-2.462 5.5-5.5S9.038.5 6 .5.5 2.962.5 6s2.462 5.5 5.5 5.5zm0 .5c-3.314 0-6-2.686-6-6s2.686-6 6-6 6 2.686 6 6-2.686 6-6 6zm.5-7v3.667L7.5 9h-3l1-.333V5.4l-1-.4h2zm-.625-2c.345 0 .625.28.625.625s-.28.625-.625.625-.625-.28-.625-.625S5.53 3 5.875 3z"
                                            transform="translate(-1537 -743) translate(1537 743)"
                                            data-sentry-element="path"
                                            data-sentry-source-file="index.tsx"></path></g></svg></span></div>
                                </div>
                            </a></li>
                            <li class="ProductUnit_productUnit__Qd6sv" data-id="88401281739"
                                data-sentry-component="ProductItem" data-sentry-source-file="ProductItem.tsx"><a
                                    href="/vp/products/7722924224?itemId=21343424562&amp;vendorItemId=88401281739&amp;q=일본과자&amp;searchId=afc562b78792054&amp;sourceType=search&amp;itemsCount=36&amp;searchRank=47&amp;rank=47"
                                    target="_blank" data-sentry-element="AdLink" data-sentry-component="AdLink"
                                    data-sentry-source-file="index.tsx">
                                <figure class="ProductUnit_productImage__Mqcg1" data-sentry-component="ProductImage"
                                        data-sentry-source-file="ProductImage.tsx"><img
                                        alt="블랙썬더 유라쿠 딸기썬더 미니바, 1개, 116g" data-sentry-element="Image"
                                        data-sentry-source-file="ProductImage.tsx" loading="lazy" width="230"
                                        height="230" decoding="async" data-nimg="1" style="color:transparent"
                                        src="//thumbnail7.coupangcdn.com/thumbnails/remote/320x320ex/image/retail/images/123906770252302-4f14b01d-5ecc-4066-8df6-7cb27dd86212.jpg"/>
                                </figure>
                                <div class="ProductUnit_productInfo__1l0il">
                                    <div class="ProductUnit_badges__eYEJC"></div>
                                    <div class="ProductUnit_productName__gre7e">블랙썬더 유라쿠 딸기썬더 미니바, 1개, 116g</div>
                                    <div class="PriceArea_priceArea__NntJz" data-sentry-component="PriceArea"
                                         data-sentry-source-file="index.tsx">
                                        <div class="Price_price__tegCy" data-sentry-component="Price"
                                             data-sentry-source-file="Price.tsx">
                                            <div class="Price_salePrice__P6Mfd">
                                                <div><strong class="Price_priceValue__A4KOr">3,720원</strong></div>
                                                <div class="ImageBadge_default__JWaYp"
                                                     data-sentry-component="ImageBadge"
                                                     data-sentry-source-file="ImageBadge.tsx"><img
                                                        src="https://image6.coupangcdn.com/image/cmg/icon/ios/logo_rocket_large@3x.png"
                                                        alt="로켓배송" loading="lazy"/></div>
                                            </div>
                                            <span class="UnitPrice_unitPrice__R_ZcA" data-sentry-component="UnitPrice"
                                                  data-sentry-source-file="UnitPrice.tsx">(<!-- -->10g당 321원
                                                <!-- -->)</span></div>
                                    </div>
                                    <div class="DeliveryInfo_delivery__c7z4P" data-sentry-component="DeliveryInfo"
                                         data-sentry-source-file="index.tsx">
                                        <div><span style="color:#008C00;font-size:14px">내일(수) </span><span
                                                style="color:#008C00;font-size:14px">도착 보장</span></div>
                                    </div>
                                    <div class="ProductRating_productRating__jjf7W"
                                         data-sentry-component="ProductRating" data-sentry-source-file="index.tsx"><span
                                            class="ProductRating_rating__lMxS9"><div class="ProductRating_star__RGSlV"
                                                                                     style="width:90%">4.5</div></span><span
                                            class="ProductRating_ratingCount__R0Vhz">(<!-- -->46<!-- -->)</span></div>
                                    <div class="ProductUnit_benefitBadges__IA2e1">
                                        <div class="BenefitBadge_cash-benefit__SmkrN"
                                             data-sentry-component="BenefitBadge"
                                             data-sentry-source-file="BenefitBadge.tsx">
                                            <div><img
                                                    src="https://image6.coupangcdn.com/image/badges/cashback/web/list-cash-icon@2x.png"
                                                    alt="최대 186원 적립" loading="lazy"/><span>최대 186원 적립</span></div>
                                        </div>
                                    </div>
                                </div>
                            </a></li>
                            <li class="ProductUnit_productUnit__Qd6sv" data-id="92431215424"
                                data-sentry-component="ProductItem" data-sentry-source-file="ProductItem.tsx"><a
                                    href="/vp/products/8750610173?itemId=25438297769&amp;vendorItemId=92431215424&amp;sourceType=srp_product_ads&amp;clickEventId=78fd8430-407f-11f0-bfd1-c3d45ca14632&amp;korePlacement=15&amp;koreSubPlacement=49&amp;clickEventId=78fd8430-407f-11f0-bfd1-c3d45ca14632&amp;korePlacement=15&amp;koreSubPlacement=49"
                                    target="_blank" data-sentry-element="AdLink" data-sentry-component="AdLink"
                                    data-sentry-source-file="index.tsx">
                                <figure class="ProductUnit_productImage__Mqcg1" data-sentry-component="ProductImage"
                                        data-sentry-source-file="ProductImage.tsx"><img
                                        alt="신코 돈도아게 큐수간장맛 3봉+흑설탕땅콩맛 3봉 (총6봉), 58g, 6개" data-sentry-element="Image"
                                        data-sentry-source-file="ProductImage.tsx" loading="lazy" width="230"
                                        height="230" decoding="async" data-nimg="1" style="color:transparent"
                                        src="//thumbnail10.coupangcdn.com/thumbnails/remote/320x320ex/image/vendor_inventory/9719/084d65fed67ae849b17e420e00cb286378569fde0950d67dea4df88d07e0.png"/>
                                </figure>
                                <div class="ProductUnit_productInfo__1l0il">
                                    <div class="ProductUnit_badges__eYEJC">
                                        <div class="TextBadge_delivery__STgTC" data-sentry-component="TextBadge"
                                             data-sentry-source-file="TextBadge.tsx">무료배송
                                        </div>
                                    </div>
                                    <div class="ProductUnit_productName__gre7e">신코 돈도아게 큐수간장맛 3봉+흑설탕땅콩맛 3봉 (총6봉), 58g,
                                        6개
                                    </div>
                                    <div class="PriceArea_priceArea__NntJz" data-sentry-component="PriceArea"
                                         data-sentry-source-file="index.tsx"><span class="PriceInfo_priceInfo__VARjb"
                                                                                   data-sentry-component="PriceInfo"
                                                                                   data-sentry-source-file="PriceInfo.tsx"><span
                                            class="PriceInfo_discountRate__EsQ8I">20<!-- -->%</span><del
                                            class="PriceInfo_basePrice__8BQ32">24,900원</del></span>
                                        <div class="Price_price__tegCy" data-sentry-component="Price"
                                             data-sentry-source-file="Price.tsx">
                                            <div class="Price_salePrice__P6Mfd">
                                                <div><strong class="Price_priceValue__A4KOr">19,800원</strong></div>
                                            </div>
                                            <span class="UnitPrice_unitPrice__R_ZcA" data-sentry-component="UnitPrice"
                                                  data-sentry-source-file="UnitPrice.tsx">(<!-- -->10g당 569원
                                                <!-- -->)</span></div>
                                    </div>
                                    <div class="DeliveryInfo_delivery__c7z4P" data-sentry-component="DeliveryInfo"
                                         data-sentry-source-file="index.tsx">
                                        <div><span style="color:#212B36;font-size:14px">모레(목) </span><span
                                                style="color:#212B36;font-size:14px">도착 예정</span></div>
                                    </div>
                                    <div class="ProductRating_productRating__jjf7W"
                                         data-sentry-component="ProductRating" data-sentry-source-file="index.tsx"><span
                                            class="ProductRating_rating__lMxS9"><div class="ProductRating_star__RGSlV"
                                                                                     style="width:100%">5</div></span><span
                                            class="ProductRating_ratingCount__R0Vhz">(<!-- -->10<!-- -->)</span></div>
                                    <div class="ProductUnit_benefitBadges__IA2e1">
                                        <div class="BenefitBadge_cash-benefit__SmkrN"
                                             data-sentry-component="BenefitBadge"
                                             data-sentry-source-file="BenefitBadge.tsx">
                                            <div><img
                                                    src="https://image6.coupangcdn.com/image/badges/cashback/web/list-cash-icon@2x.png"
                                                    alt="최대 891원 적립" loading="lazy"/><span>최대 891원 적립</span></div>
                                        </div>
                                    </div>
                                    <div class="AdMark_adMark__KPMsC"
                                         data-adsplatform="{&quot;clickLogUri&quot;:&quot;https://mercury.coupang.com/e.gif?r=78fd8430-407f-11f0-bfd1-c3d45ca14632%7E3&amp;korePlacement=15&amp;koreSubPlacement=49&quot;,&quot;impressionLogUri&quot;:&quot;https://mercury.coupang.com/e.gif?r=78fd8430-407f-11f0-bfd1-c3d45ca14632%7E1&amp;korePlacement=15&amp;koreSubPlacement=49&quot;,&quot;viewImpression&quot;:&quot;https://mercury.coupang.com/e.gif?r=78fd8430-407f-11f0-bfd1-c3d45ca14632%7E2&amp;korePlacement=15&amp;koreSubPlacement=49&quot;}"
                                         data-event-id="78fd8430-407f-11f0-bfd1-c3d45ca14632">
                                        <div class="AdMark_tooltip__Q_PGS"><span>쿠팡으로부터 광고 서비스를 구매한 제휴업체의 판매상품으로 일반 상품보다 우선 정렬됩니다.</span>
                                        </div>
                                        <span class="AdMark_text__Rp7px">AD</span><span class="AdMark_icon__O2Q5V"><svg
                                            xmlns="http://www.w3.org/2000/svg" width="12" height="12"
                                            viewBox="0 0 12 12" data-sentry-element="svg"
                                            data-sentry-source-file="index.tsx"><g fill="none" fill-rule="evenodd"
                                                                                   opacity=".3" data-sentry-element="g"
                                                                                   data-sentry-source-file="index.tsx"><path
                                            fill="#000" fill-opacity="0" d="M0 12L12 12 12 0 0 0z"
                                            transform="translate(-1537 -743) translate(1537 743)"
                                            data-sentry-element="path" data-sentry-source-file="index.tsx"></path><path
                                            fill="#111" fill-rule="nonzero"
                                            d="M6 11.5c3.038 0 5.5-2.462 5.5-5.5S9.038.5 6 .5.5 2.962.5 6s2.462 5.5 5.5 5.5zm0 .5c-3.314 0-6-2.686-6-6s2.686-6 6-6 6 2.686 6 6-2.686 6-6 6zm.5-7v3.667L7.5 9h-3l1-.333V5.4l-1-.4h2zm-.625-2c.345 0 .625.28.625.625s-.28.625-.625.625-.625-.28-.625-.625S5.53 3 5.875 3z"
                                            transform="translate(-1537 -743) translate(1537 743)"
                                            data-sentry-element="path"
                                            data-sentry-source-file="index.tsx"></path></g></svg></span></div>
                                </div>
                            </a></li>
                            <li class="ProductUnit_productUnit__Qd6sv" data-id="92088237211"
                                data-sentry-component="ProductItem" data-sentry-source-file="ProductItem.tsx"><a
                                    href="/vp/products/8650763826?itemId=25084378862&amp;vendorItemId=92088237211&amp;q=일본과자&amp;searchId=afc562b78792054&amp;sourceType=search&amp;itemsCount=36&amp;searchRank=49&amp;rank=49"
                                    target="_blank" data-sentry-element="AdLink" data-sentry-component="AdLink"
                                    data-sentry-source-file="index.tsx">
                                <figure class="ProductUnit_productImage__Mqcg1" data-sentry-component="ProductImage"
                                        data-sentry-source-file="ProductImage.tsx"><img
                                        alt="일본사탕 화이트 데이 2025 사탕 과자 홍차 반환 SAKUSAKU 먹는 화과자 교의 공방 이와이 제과, [01] 복숭아, 1개"
                                        data-sentry-element="Image" data-sentry-source-file="ProductImage.tsx"
                                        loading="lazy" width="230" height="230" decoding="async" data-nimg="1"
                                        style="color:transparent"
                                        src="//thumbnail8.coupangcdn.com/thumbnails/remote/320x320ex/image/vendor_inventory/9318/485b94ff59d958aa22a04ad327feac553b6a972be4b5b9d1c433894b3045.jpg"/>
                                </figure>
                                <div class="ProductUnit_productInfo__1l0il">
                                    <div class="ProductUnit_badges__eYEJC">
                                        <div class="TextBadge_delivery__STgTC" data-sentry-component="TextBadge"
                                             data-sentry-source-file="TextBadge.tsx">무료배송
                                        </div>
                                    </div>
                                    <div class="ProductUnit_productName__gre7e">일본사탕 화이트 데이 2025 사탕 과자 홍차 반환 SAKUSAKU 먹는
                                        화과자 교의 공방 이와이 제과, [01] 복숭아, 1개
                                    </div>
                                    <div class="PriceArea_priceArea__NntJz" data-sentry-component="PriceArea"
                                         data-sentry-source-file="index.tsx">
                                        <div class="Price_price__tegCy" data-sentry-component="Price"
                                             data-sentry-source-file="Price.tsx">
                                            <div class="Price_salePrice__P6Mfd">
                                                <div><strong class="Price_priceValue__A4KOr">220,180원</strong></div>
                                            </div>
                                            <span class="UnitPrice_unitPrice__R_ZcA" data-sentry-component="UnitPrice"
                                                  data-sentry-source-file="UnitPrice.tsx">(<!-- -->1개당 220,180원
                                                <!-- -->)</span></div>
                                    </div>
                                    <div class="DeliveryInfo_delivery__c7z4P" data-sentry-component="DeliveryInfo"
                                         data-sentry-source-file="index.tsx">
                                        <div><span style="color:#212B36;font-size:14px">6/11 </span><span
                                                style="color:#212B36;font-size:14px">도착 예정</span></div>
                                    </div>
                                    <div class="ProductUnit_benefitBadges__IA2e1">
                                        <div class="BenefitBadge_cash-benefit__SmkrN"
                                             data-sentry-component="BenefitBadge"
                                             data-sentry-source-file="BenefitBadge.tsx">
                                            <div><img
                                                    src="https://image6.coupangcdn.com/image/badges/cashback/web/list-cash-icon@2x.png"
                                                    alt="최대 11,009원 적립" loading="lazy"/><span>최대 11,009원 적립</span></div>
                                        </div>
                                    </div>
                                </div>
                            </a></li>
                            <li class="ProductUnit_productUnit__Qd6sv" data-id="89154326460"
                                data-sentry-component="ProductItem" data-sentry-source-file="ProductItem.tsx"><a
                                    href="/vp/products/7136014002?itemId=21729293558&amp;vendorItemId=89154326460&amp;q=일본과자&amp;searchId=afc562b78792054&amp;sourceType=search&amp;itemsCount=36&amp;searchRank=50&amp;rank=50"
                                    target="_blank" data-sentry-element="AdLink" data-sentry-component="AdLink"
                                    data-sentry-source-file="index.tsx">
                                <figure class="ProductUnit_productImage__Mqcg1" data-sentry-component="ProductImage"
                                        data-sentry-source-file="ProductImage.tsx"><img
                                        alt="부르봉 알포트 미니 딸기 초콜릿 55g (4개 묶음) 일본 초콜릿 쿠키, 4개" data-sentry-element="Image"
                                        data-sentry-source-file="ProductImage.tsx" loading="lazy" width="230"
                                        height="230" decoding="async" data-nimg="1" style="color:transparent"
                                        src="//thumbnail9.coupangcdn.com/thumbnails/remote/320x320ex/image/vendor_inventory/955d/746f0ed370fdcd5d956f6946e6c2dd3d5bff59194968785773cf820dc888.png"/>
                                </figure>
                                <div class="ProductUnit_productInfo__1l0il">
                                    <div class="ProductUnit_badges__eYEJC">
                                        <div class="TextBadge_delivery__STgTC" data-sentry-component="TextBadge"
                                             data-sentry-source-file="TextBadge.tsx">무료배송
                                        </div>
                                    </div>
                                    <div class="ProductUnit_productName__gre7e">부르봉 알포트 미니 딸기 초콜릿 55g (4개 묶음) 일본 초콜릿 쿠키,
                                        4개
                                    </div>
                                    <div class="PriceArea_priceArea__NntJz" data-sentry-component="PriceArea"
                                         data-sentry-source-file="index.tsx">
                                        <div class="Price_price__tegCy" data-sentry-component="Price"
                                             data-sentry-source-file="Price.tsx">
                                            <div class="Price_salePrice__P6Mfd">
                                                <div><strong class="Price_priceValue__A4KOr">12,000원</strong></div>
                                            </div>
                                            <span class="UnitPrice_unitPrice__R_ZcA" data-sentry-component="UnitPrice"
                                                  data-sentry-source-file="UnitPrice.tsx">(<!-- -->10g당 545원
                                                <!-- -->)</span></div>
                                    </div>
                                    <div class="DeliveryInfo_delivery__c7z4P" data-sentry-component="DeliveryInfo"
                                         data-sentry-source-file="index.tsx">
                                        <div><span style="color:#212B36;font-size:14px">6/7(토) </span><span
                                                style="color:#212B36;font-size:14px">도착 예정</span></div>
                                    </div>
                                    <div class="ProductRating_productRating__jjf7W"
                                         data-sentry-component="ProductRating" data-sentry-source-file="index.tsx"><span
                                            class="ProductRating_rating__lMxS9"><div class="ProductRating_star__RGSlV"
                                                                                     style="width:90%">4.5</div></span><span
                                            class="ProductRating_ratingCount__R0Vhz">(<!-- -->331<!-- -->)</span></div>
                                    <div class="ProductUnit_benefitBadges__IA2e1">
                                        <div class="BenefitBadge_cash-benefit__SmkrN"
                                             data-sentry-component="BenefitBadge"
                                             data-sentry-source-file="BenefitBadge.tsx">
                                            <div><img
                                                    src="https://image6.coupangcdn.com/image/badges/cashback/web/list-cash-icon@2x.png"
                                                    alt="최대 600원 적립" loading="lazy"/><span>최대 600원 적립</span></div>
                                        </div>
                                    </div>
                                </div>
                            </a></li>
                            <li class="ProductUnit_productUnit__Qd6sv" data-id="85873894012"
                                data-sentry-component="ProductItem" data-sentry-source-file="ProductItem.tsx"><a
                                    href="/vp/products/6091616113?itemId=18741630835&amp;vendorItemId=85873894012&amp;q=일본과자&amp;searchId=afc562b78792054&amp;sourceType=search&amp;itemsCount=36&amp;searchRank=51&amp;rank=51"
                                    target="_blank" data-sentry-element="AdLink" data-sentry-component="AdLink"
                                    data-sentry-source-file="index.tsx">
                                <figure class="ProductUnit_productImage__Mqcg1" data-sentry-component="ProductImage"
                                        data-sentry-source-file="ProductImage.tsx"><img
                                        alt="스낵하우스 그린피스 와사비 스낵, 380g, 2개" data-sentry-element="Image"
                                        data-sentry-source-file="ProductImage.tsx" loading="lazy" width="230"
                                        height="230" decoding="async" data-nimg="1" style="color:transparent"
                                        src="//thumbnail10.coupangcdn.com/thumbnails/remote/320x320ex/image/retail/images/51812339015321-7bcb36d6-50ff-4d1c-8a74-ea2c66498745.jpg"/>
                                </figure>
                                <div class="ProductUnit_productInfo__1l0il">
                                    <div class="ProductUnit_badges__eYEJC"></div>
                                    <div class="ProductUnit_productName__gre7e">스낵하우스 그린피스 와사비 스낵, 380g, 2개</div>
                                    <div class="PriceArea_priceArea__NntJz" data-sentry-component="PriceArea"
                                         data-sentry-source-file="index.tsx">
                                        <div class="Price_price__tegCy" data-sentry-component="Price"
                                             data-sentry-source-file="Price.tsx">
                                            <div class="Price_salePrice__P6Mfd">
                                                <div><strong class="Price_priceValue__A4KOr">9,990원</strong></div>
                                                <div class="ImageBadge_default__JWaYp"
                                                     data-sentry-component="ImageBadge"
                                                     data-sentry-source-file="ImageBadge.tsx"><img
                                                        src="https://image6.coupangcdn.com/image/cmg/icon/ios/logo_rocket_large@3x.png"
                                                        alt="로켓배송" loading="lazy"/></div>
                                            </div>
                                            <span class="UnitPrice_unitPrice__R_ZcA" data-sentry-component="UnitPrice"
                                                  data-sentry-source-file="UnitPrice.tsx">(<!-- -->10g당 131원
                                                <!-- -->)</span></div>
                                    </div>
                                    <div class="DeliveryInfo_delivery__c7z4P" data-sentry-component="DeliveryInfo"
                                         data-sentry-source-file="index.tsx">
                                        <div><span style="color:#008C00;font-size:14px">내일(수) </span><span
                                                style="color:#008C00;font-size:14px">도착 보장</span></div>
                                    </div>
                                    <div class="ProductRating_productRating__jjf7W"
                                         data-sentry-component="ProductRating" data-sentry-source-file="index.tsx"><span
                                            class="ProductRating_rating__lMxS9"><div class="ProductRating_star__RGSlV"
                                                                                     style="width:90%">4.5</div></span><span
                                            class="ProductRating_ratingCount__R0Vhz">(<!-- -->9544<!-- -->)</span></div>
                                    <div class="ProductUnit_benefitBadges__IA2e1">
                                        <div class="BenefitBadge_cash-benefit__SmkrN"
                                             data-sentry-component="BenefitBadge"
                                             data-sentry-source-file="BenefitBadge.tsx">
                                            <div><img
                                                    src="https://image6.coupangcdn.com/image/badges/cashback/web/list-cash-icon@2x.png"
                                                    alt="최대 500원 적립" loading="lazy"/><span>최대 500원 적립</span></div>
                                        </div>
                                    </div>
                                </div>
                            </a></li>
                            <li class="ProductUnit_productUnit__Qd6sv" data-id="89509667502"
                                data-sentry-component="ProductItem" data-sentry-source-file="ProductItem.tsx"><a
                                    href="/vp/products/7987101753?itemId=22188540998&amp;vendorItemId=89509667502&amp;q=일본과자&amp;searchId=afc562b78792054&amp;sourceType=search&amp;itemsCount=36&amp;searchRank=52&amp;rank=52"
                                    target="_blank" data-sentry-element="AdLink" data-sentry-component="AdLink"
                                    data-sentry-source-file="index.tsx">
                                <figure class="ProductUnit_productImage__Mqcg1" data-sentry-component="ProductImage"
                                        data-sentry-source-file="ProductImage.tsx"><img
                                        alt="카바야 사쿠사쿠 팬더 초코 비스킷, 1개, 47g" data-sentry-element="Image"
                                        data-sentry-source-file="ProductImage.tsx" loading="lazy" width="230"
                                        height="230" decoding="async" data-nimg="1" style="color:transparent"
                                        src="//thumbnail8.coupangcdn.com/thumbnails/remote/320x320ex/image/retail/images/2024/04/15/18/7/8fe9aaa2-c0dc-479c-905f-dbc99f0b38ac.jpg"/>
                                </figure>
                                <div class="ProductUnit_productInfo__1l0il">
                                    <div class="ProductUnit_badges__eYEJC"></div>
                                    <div class="ProductUnit_productName__gre7e">카바야 사쿠사쿠 팬더 초코 비스킷, 1개, 47g</div>
                                    <div class="PriceArea_priceArea__NntJz" data-sentry-component="PriceArea"
                                         data-sentry-source-file="index.tsx">
                                        <div class="Price_price__tegCy" data-sentry-component="Price"
                                             data-sentry-source-file="Price.tsx">
                                            <div class="Price_salePrice__P6Mfd">
                                                <div><strong class="Price_priceValue__A4KOr">3,980원</strong></div>
                                                <div class="ImageBadge_default__JWaYp"
                                                     data-sentry-component="ImageBadge"
                                                     data-sentry-source-file="ImageBadge.tsx"><img
                                                        src="https://image6.coupangcdn.com/image/cmg/icon/ios/logo_rocket_large@3x.png"
                                                        alt="로켓배송" loading="lazy"/></div>
                                            </div>
                                            <span class="UnitPrice_unitPrice__R_ZcA" data-sentry-component="UnitPrice"
                                                  data-sentry-source-file="UnitPrice.tsx">(<!-- -->10g당 847원
                                                <!-- -->)</span></div>
                                    </div>
                                    <div class="DeliveryInfo_delivery__c7z4P" data-sentry-component="DeliveryInfo"
                                         data-sentry-source-file="index.tsx">
                                        <div><span style="color:#008C00;font-size:14px">내일(수) </span><span
                                                style="color:#008C00;font-size:14px">도착 보장</span></div>
                                    </div>
                                    <div class="UsedProductInfo_usedProductInfo__LlKZS"
                                         data-sentry-component="UsedProductInfo" data-sentry-source-file="index.tsx">
                                        <div class="UsedProductInfo_info__ICdlU"><span>새 상품</span><span>, </span><span>반품-미개봉</span><strong>
                                            (3)</strong></div>
                                        <div><span>최저</span><strong>3,200</strong><span>원</span></div>
                                    </div>
                                    <div class="ProductRating_productRating__jjf7W"
                                         data-sentry-component="ProductRating" data-sentry-source-file="index.tsx"><span
                                            class="ProductRating_rating__lMxS9"><div class="ProductRating_star__RGSlV"
                                                                                     style="width:80%">4</div></span><span
                                            class="ProductRating_ratingCount__R0Vhz">(<!-- -->52<!-- -->)</span></div>
                                    <div class="ProductUnit_benefitBadges__IA2e1">
                                        <div class="BenefitBadge_cash-benefit__SmkrN"
                                             data-sentry-component="BenefitBadge"
                                             data-sentry-source-file="BenefitBadge.tsx">
                                            <div><img
                                                    src="https://image6.coupangcdn.com/image/badges/cashback/web/list-cash-icon@2x.png"
                                                    alt="최대 199원 적립" loading="lazy"/><span>최대 199원 적립</span></div>
                                        </div>
                                    </div>
                                </div>
                            </a></li>
                            <li class="ProductUnit_productUnit__Qd6sv" data-id="89676849362"
                                data-sentry-component="ProductItem" data-sentry-source-file="ProductItem.tsx"><a
                                    href="/vp/products/7842293887?itemId=22635672803&amp;vendorItemId=89676849362&amp;q=일본과자&amp;searchId=afc562b78792054&amp;sourceType=search&amp;itemsCount=36&amp;searchRank=53&amp;rank=53"
                                    target="_blank" data-sentry-element="AdLink" data-sentry-component="AdLink"
                                    data-sentry-source-file="index.tsx">
                                <figure class="ProductUnit_productImage__Mqcg1" data-sentry-component="ProductImage"
                                        data-sentry-source-file="ProductImage.tsx"><img
                                        alt="부르봉 블란츌 10입 (화이트 랑그드샤) 일본 초콜릿 비스킷 브란츄르, 78g, 3개"
                                        data-sentry-element="Image" data-sentry-source-file="ProductImage.tsx"
                                        loading="lazy" width="230" height="230" decoding="async" data-nimg="1"
                                        style="color:transparent"
                                        src="//thumbnail9.coupangcdn.com/thumbnails/remote/320x320ex/image/vendor_inventory/69f5/deb2236b2ee8413cadea4c26d66cd34dfb07a6d13fa1ab0b6b6fe9ee6614.png"/>
                                </figure>
                                <div class="ProductUnit_productInfo__1l0il">
                                    <div class="ProductUnit_badges__eYEJC">
                                        <div class="TextBadge_delivery__STgTC" data-sentry-component="TextBadge"
                                             data-sentry-source-file="TextBadge.tsx">무료배송
                                        </div>
                                    </div>
                                    <div class="ProductUnit_productName__gre7e">부르봉 블란츌 10입 (화이트 랑그드샤) 일본 초콜릿 비스킷 브란츄르,
                                        78g, 3개
                                    </div>
                                    <div class="PriceArea_priceArea__NntJz" data-sentry-component="PriceArea"
                                         data-sentry-source-file="index.tsx"><span class="PriceInfo_priceInfo__VARjb"
                                                                                   data-sentry-component="PriceInfo"
                                                                                   data-sentry-source-file="PriceInfo.tsx"><span
                                            class="PriceInfo_discountRate__EsQ8I">33<!-- -->%</span><del
                                            class="PriceInfo_basePrice__8BQ32">14,900원</del></span>
                                        <div class="Price_price__tegCy" data-sentry-component="Price"
                                             data-sentry-source-file="Price.tsx">
                                            <div class="Price_salePrice__P6Mfd">
                                                <div><strong class="Price_priceValue__A4KOr">9,900원</strong></div>
                                            </div>
                                            <span class="UnitPrice_unitPrice__R_ZcA" data-sentry-component="UnitPrice"
                                                  data-sentry-source-file="UnitPrice.tsx">(<!-- -->10g당 423원
                                                <!-- -->)</span></div>
                                    </div>
                                    <div class="DeliveryInfo_delivery__c7z4P" data-sentry-component="DeliveryInfo"
                                         data-sentry-source-file="index.tsx">
                                        <div><span style="color:#212B36;font-size:14px">6/7(토) </span><span
                                                style="color:#212B36;font-size:14px">도착 예정</span></div>
                                    </div>
                                    <div class="ProductRating_productRating__jjf7W"
                                         data-sentry-component="ProductRating" data-sentry-source-file="index.tsx"><span
                                            class="ProductRating_rating__lMxS9"><div class="ProductRating_star__RGSlV"
                                                                                     style="width:100%">5</div></span><span
                                            class="ProductRating_ratingCount__R0Vhz">(<!-- -->365<!-- -->)</span></div>
                                    <div class="ProductUnit_benefitBadges__IA2e1">
                                        <div class="BenefitBadge_cash-benefit__SmkrN"
                                             data-sentry-component="BenefitBadge"
                                             data-sentry-source-file="BenefitBadge.tsx">
                                            <div><img
                                                    src="https://image6.coupangcdn.com/image/badges/cashback/web/list-cash-icon@2x.png"
                                                    alt="최대 495원 적립" loading="lazy"/><span>최대 495원 적립</span></div>
                                        </div>
                                    </div>
                                </div>
                            </a></li>
                            <li class="ProductUnit_productUnit__Qd6sv" data-id="92515014936"
                                data-sentry-component="ProductItem" data-sentry-source-file="ProductItem.tsx"><a
                                    href="/vp/products/8773860914?itemId=25523190981&amp;vendorItemId=92515014936&amp;q=일본과자&amp;searchId=afc562b78792054&amp;sourceType=search&amp;itemsCount=36&amp;searchRank=54&amp;rank=54"
                                    target="_blank" data-sentry-element="AdLink" data-sentry-component="AdLink"
                                    data-sentry-source-file="index.tsx">
                                <figure class="ProductUnit_productImage__Mqcg1" data-sentry-component="ProductImage"
                                        data-sentry-source-file="ProductImage.tsx"><img
                                        alt="뛰어난 스글 SD 빅 커츠 1장x30개 세트 일본 막과자, 뛰어난 스글 SD 빅 커츠 1장x30개 세트 일본 막과, 30개"
                                        data-sentry-element="Image" data-sentry-source-file="ProductImage.tsx"
                                        loading="lazy" width="230" height="230" decoding="async" data-nimg="1"
                                        style="color:transparent"
                                        src="//thumbnail9.coupangcdn.com/thumbnails/remote/320x320ex/image/vendor_inventory/102b/642d58e479a47e2b160c821cd337abbe6e911a1392ff43460ab65d76ab92.jpg"/>
                                </figure>
                                <div class="ProductUnit_productInfo__1l0il">
                                    <div class="ProductUnit_badges__eYEJC">
                                        <div class="TextBadge_delivery__STgTC" data-sentry-component="TextBadge"
                                             data-sentry-source-file="TextBadge.tsx">무료배송
                                        </div>
                                    </div>
                                    <div class="ProductUnit_productName__gre7e">뛰어난 스글 SD 빅 커츠 1장x30개 세트 일본 막과자, 뛰어난 스글
                                        SD 빅 커츠 1장x30개 세트 일본 막과, 30개
                                    </div>
                                    <div class="PriceArea_priceArea__NntJz" data-sentry-component="PriceArea"
                                         data-sentry-source-file="index.tsx">
                                        <div class="Price_price__tegCy" data-sentry-component="Price"
                                             data-sentry-source-file="Price.tsx">
                                            <div class="Price_salePrice__P6Mfd">
                                                <div><strong class="Price_priceValue__A4KOr">28,500원</strong></div>
                                            </div>
                                        </div>
                                    </div>
                                    <div class="DeliveryInfo_delivery__c7z4P" data-sentry-component="DeliveryInfo"
                                         data-sentry-source-file="index.tsx">
                                        <div><span style="color:#212B36;font-size:14px">6/18 </span><span
                                                style="color:#212B36;font-size:14px">도착 예정</span></div>
                                    </div>
                                    <div class="ProductUnit_benefitBadges__IA2e1">
                                        <div class="BenefitBadge_cash-benefit__SmkrN"
                                             data-sentry-component="BenefitBadge"
                                             data-sentry-source-file="BenefitBadge.tsx">
                                            <div><img
                                                    src="https://image6.coupangcdn.com/image/badges/cashback/web/list-cash-icon@2x.png"
                                                    alt="최대 1,425원 적립" loading="lazy"/><span>최대 1,425원 적립</span></div>
                                        </div>
                                    </div>
                                </div>
                            </a></li>
                            <li class="ProductUnit_productUnit__Qd6sv" data-id="87778765526"
                                data-sentry-component="ProductItem" data-sentry-source-file="ProductItem.tsx"><a
                                    href="/vp/products/6947711532?itemId=19987400396&amp;vendorItemId=87778765526&amp;q=일본과자&amp;searchId=afc562b78792054&amp;sourceType=search&amp;itemsCount=36&amp;searchRank=55&amp;rank=55"
                                    target="_blank" data-sentry-element="AdLink" data-sentry-component="AdLink"
                                    data-sentry-source-file="index.tsx">
                                <figure class="ProductUnit_productImage__Mqcg1" data-sentry-component="ProductImage"
                                        data-sentry-source-file="ProductImage.tsx"><img alt="부르본 바닐라향 로안느, 113g, 1개"
                                                                                        data-sentry-element="Image"
                                                                                        data-sentry-source-file="ProductImage.tsx"
                                                                                        loading="lazy" width="230"
                                                                                        height="230" decoding="async"
                                                                                        data-nimg="1"
                                                                                        style="color:transparent"
                                                                                        src="//thumbnail10.coupangcdn.com/thumbnails/remote/320x320ex/image/vendor_inventory/5ce8/f623478c7467b497b8e416f6ee126bb818afd33b7e0c27b0d5acf851e18b.jpg"/>
                                </figure>
                                <div class="ProductUnit_productInfo__1l0il">
                                    <div class="ProductUnit_badges__eYEJC"></div>
                                    <div class="ProductUnit_productName__gre7e">부르본 바닐라향 로안느, 113g, 1개</div>
                                    <div class="PriceArea_priceArea__NntJz" data-sentry-component="PriceArea"
                                         data-sentry-source-file="index.tsx"><span class="PriceInfo_priceInfo__VARjb"
                                                                                   data-sentry-component="PriceInfo"
                                                                                   data-sentry-source-file="PriceInfo.tsx"><span
                                            class="PriceInfo_discountText__CbrBn">할인</span><span
                                            class="PriceInfo_discountRate__EsQ8I">20<!-- -->%</span><del
                                            class="PriceInfo_basePrice__8BQ32">5,980원</del></span>
                                        <div class="Price_price__tegCy" data-sentry-component="Price"
                                             data-sentry-source-file="Price.tsx">
                                            <div class="Price_salePrice__P6Mfd">
                                                <div><strong class="Price_priceValue__A4KOr">4,740원</strong></div>
                                                <div class="ImageBadge_default__JWaYp"
                                                     data-sentry-component="ImageBadge"
                                                     data-sentry-source-file="ImageBadge.tsx"><img
                                                        src="https://image6.coupangcdn.com/image/cmg/icon/ios/logo_rocket_large@3x.png"
                                                        alt="로켓배송" loading="lazy"/></div>
                                            </div>
                                            <span class="UnitPrice_unitPrice__R_ZcA" data-sentry-component="UnitPrice"
                                                  data-sentry-source-file="UnitPrice.tsx">(<!-- -->10g당 419원
                                                <!-- -->)</span></div>
                                    </div>
                                    <div class="DeliveryInfo_delivery__c7z4P" data-sentry-component="DeliveryInfo"
                                         data-sentry-source-file="index.tsx">
                                        <div><span style="color:#008C00;font-size:14px">내일(수) </span><span
                                                style="color:#008C00;font-size:14px">도착 보장</span></div>
                                    </div>
                                    <div class="ProductRating_productRating__jjf7W"
                                         data-sentry-component="ProductRating" data-sentry-source-file="index.tsx"><span
                                            class="ProductRating_rating__lMxS9"><div class="ProductRating_star__RGSlV"
                                                                                     style="width:100%">5</div></span><span
                                            class="ProductRating_ratingCount__R0Vhz">(<!-- -->3114<!-- -->)</span></div>
                                    <div class="ProductUnit_benefitBadges__IA2e1">
                                        <div class="BenefitBadge_cash-benefit__SmkrN"
                                             data-sentry-component="BenefitBadge"
                                             data-sentry-source-file="BenefitBadge.tsx">
                                            <div><img
                                                    src="https://image6.coupangcdn.com/image/badges/cashback/web/list-cash-icon@2x.png"
                                                    alt="최대 237원 적립" loading="lazy"/><span>최대 237원 적립</span></div>
                                        </div>
                                    </div>
                                </div>
                            </a></li>
                            <li class="ProductUnit_productUnit__Qd6sv" data-id="87989703914"
                                data-sentry-component="ProductItem" data-sentry-source-file="ProductItem.tsx"><a
                                    href="/vp/products/7759805082?itemId=20922879209&amp;vendorItemId=87989703914&amp;sourceType=srp_product_ads&amp;clickEventId=78fd8430-407f-11f0-8b4a-dbcfe7c3bf77&amp;korePlacement=15&amp;koreSubPlacement=57&amp;clickEventId=78fd8430-407f-11f0-8b4a-dbcfe7c3bf77&amp;korePlacement=15&amp;koreSubPlacement=57"
                                    target="_blank" data-sentry-element="AdLink" data-sentry-component="AdLink"
                                    data-sentry-source-file="index.tsx">
                                <figure class="ProductUnit_productImage__Mqcg1" data-sentry-component="ProductImage"
                                        data-sentry-source-file="ProductImage.tsx"><img
                                        alt="당연구소 현미유 카사바칩 저당 과자 간식, 10개, 40g" data-sentry-element="Image"
                                        data-sentry-source-file="ProductImage.tsx" loading="lazy" width="230"
                                        height="230" decoding="async" data-nimg="1" style="color:transparent"
                                        src="//thumbnail10.coupangcdn.com/thumbnails/remote/320x320ex/image/vendor_inventory/5b28/abd7ddd4d786bfbbe3f1c69bf770bcba9278cc7b5d989a3dbcbd4f220c82.jpg"/>
                                </figure>
                                <div class="ProductUnit_productInfo__1l0il">
                                    <div class="ProductUnit_badges__eYEJC">
                                        <div class="TextBadge_delivery__STgTC" data-sentry-component="TextBadge"
                                             data-sentry-source-file="TextBadge.tsx">무료배송
                                        </div>
                                    </div>
                                    <div class="ProductUnit_productName__gre7e">당연구소 현미유 카사바칩 저당 과자 간식, 10개, 40g</div>
                                    <div class="PriceArea_priceArea__NntJz" data-sentry-component="PriceArea"
                                         data-sentry-source-file="index.tsx"><span class="PriceInfo_priceInfo__VARjb"
                                                                                   data-sentry-component="PriceInfo"
                                                                                   data-sentry-source-file="PriceInfo.tsx"><span
                                            class="PriceInfo_discountRate__EsQ8I">50<!-- -->%</span><del
                                            class="PriceInfo_basePrice__8BQ32">32,000원</del></span>
                                        <div class="Price_price__tegCy" data-sentry-component="Price"
                                             data-sentry-source-file="Price.tsx">
                                            <div class="Price_salePrice__P6Mfd">
                                                <div><strong class="Price_priceValue__A4KOr">16,000원</strong></div>
                                            </div>
                                            <span class="UnitPrice_unitPrice__R_ZcA" data-sentry-component="UnitPrice"
                                                  data-sentry-source-file="UnitPrice.tsx">(<!-- -->10g당 400원
                                                <!-- -->)</span></div>
                                    </div>
                                    <div class="DeliveryInfo_delivery__c7z4P" data-sentry-component="DeliveryInfo"
                                         data-sentry-source-file="index.tsx">
                                        <div><span style="color:#212B36;font-size:14px">6/7(토) </span><span
                                                style="color:#212B36;font-size:14px">도착 예정</span></div>
                                    </div>
                                    <div class="ProductRating_productRating__jjf7W"
                                         data-sentry-component="ProductRating" data-sentry-source-file="index.tsx"><span
                                            class="ProductRating_rating__lMxS9"><div class="ProductRating_star__RGSlV"
                                                                                     style="width:90%">4.5</div></span><span
                                            class="ProductRating_ratingCount__R0Vhz">(<!-- -->3769<!-- -->)</span></div>
                                    <div class="ProductUnit_benefitBadges__IA2e1">
                                        <div class="BenefitBadge_cash-benefit__SmkrN"
                                             data-sentry-component="BenefitBadge"
                                             data-sentry-source-file="BenefitBadge.tsx">
                                            <div><img
                                                    src="https://image6.coupangcdn.com/image/badges/cashback/web/list-cash-icon@2x.png"
                                                    alt="최대 760원 적립" loading="lazy"/><span>최대 760원 적립</span></div>
                                        </div>
                                    </div>
                                    <div class="AdMark_adMark__KPMsC"
                                         data-adsplatform="{&quot;clickLogUri&quot;:&quot;https://mercury.coupang.com/e.gif?r=78fd8430-407f-11f0-8b4a-dbcfe7c3bf77%7E3&amp;korePlacement=15&amp;koreSubPlacement=57&quot;,&quot;impressionLogUri&quot;:&quot;https://mercury.coupang.com/e.gif?r=78fd8430-407f-11f0-8b4a-dbcfe7c3bf77%7E1&amp;korePlacement=15&amp;koreSubPlacement=57&quot;,&quot;viewImpression&quot;:&quot;https://mercury.coupang.com/e.gif?r=78fd8430-407f-11f0-8b4a-dbcfe7c3bf77%7E2&amp;korePlacement=15&amp;koreSubPlacement=57&quot;}"
                                         data-event-id="78fd8430-407f-11f0-8b4a-dbcfe7c3bf77">
                                        <div class="AdMark_tooltip__Q_PGS"><span>쿠팡으로부터 광고 서비스를 구매한 제휴업체의 판매상품으로 일반 상품보다 우선 정렬됩니다.</span>
                                        </div>
                                        <span class="AdMark_text__Rp7px">AD</span><span class="AdMark_icon__O2Q5V"><svg
                                            xmlns="http://www.w3.org/2000/svg" width="12" height="12"
                                            viewBox="0 0 12 12" data-sentry-element="svg"
                                            data-sentry-source-file="index.tsx"><g fill="none" fill-rule="evenodd"
                                                                                   opacity=".3" data-sentry-element="g"
                                                                                   data-sentry-source-file="index.tsx"><path
                                            fill="#000" fill-opacity="0" d="M0 12L12 12 12 0 0 0z"
                                            transform="translate(-1537 -743) translate(1537 743)"
                                            data-sentry-element="path" data-sentry-source-file="index.tsx"></path><path
                                            fill="#111" fill-rule="nonzero"
                                            d="M6 11.5c3.038 0 5.5-2.462 5.5-5.5S9.038.5 6 .5.5 2.962.5 6s2.462 5.5 5.5 5.5zm0 .5c-3.314 0-6-2.686-6-6s2.686-6 6-6 6 2.686 6 6-2.686 6-6 6zm.5-7v3.667L7.5 9h-3l1-.333V5.4l-1-.4h2zm-.625-2c.345 0 .625.28.625.625s-.28.625-.625.625-.625-.28-.625-.625S5.53 3 5.875 3z"
                                            transform="translate(-1537 -743) translate(1537 743)"
                                            data-sentry-element="path"
                                            data-sentry-source-file="index.tsx"></path></g></svg></span></div>
                                </div>
                            </a></li>
                            <li class="ProductUnit_productUnit__Qd6sv" data-id="90924018804"
                                data-sentry-component="ProductItem" data-sentry-source-file="ProductItem.tsx"><a
                                    href="/vp/products/8288202717?itemId=23901482257&amp;vendorItemId=90924018804&amp;q=일본과자&amp;searchId=afc562b78792054&amp;sourceType=search&amp;itemsCount=36&amp;searchRank=57&amp;rank=57"
                                    target="_blank" data-sentry-element="AdLink" data-sentry-component="AdLink"
                                    data-sentry-source-file="index.tsx">
                                <figure class="ProductUnit_productImage__Mqcg1" data-sentry-component="ProductImage"
                                        data-sentry-source-file="ProductImage.tsx"><img alt="메이지 밀크 초콜릿 26p, 120g, 1개"
                                                                                        data-sentry-element="Image"
                                                                                        data-sentry-source-file="ProductImage.tsx"
                                                                                        loading="lazy" width="230"
                                                                                        height="230" decoding="async"
                                                                                        data-nimg="1"
                                                                                        style="color:transparent"
                                                                                        src="//thumbnail10.coupangcdn.com/thumbnails/remote/320x320ex/image/vendor_inventory/549f/a7f91820f756a0eeadf75daed85d1e4c2fb20b2584f3b883e8ecf08f4f7f.jpg"/>
                                </figure>
                                <div class="ProductUnit_productInfo__1l0il">
                                    <div class="ProductUnit_badges__eYEJC"></div>
                                    <div class="ProductUnit_productName__gre7e">메이지 밀크 초콜릿 26p, 120g, 1개</div>
                                    <div class="PriceArea_priceArea__NntJz" data-sentry-component="PriceArea"
                                         data-sentry-source-file="index.tsx"><span class="PriceInfo_priceInfo__VARjb"
                                                                                   data-sentry-component="PriceInfo"
                                                                                   data-sentry-source-file="PriceInfo.tsx"><span
                                            class="PriceInfo_discountRate__EsQ8I">6<!-- -->%</span><del
                                            class="PriceInfo_basePrice__8BQ32">7,000원</del></span>
                                        <div class="Price_price__tegCy" data-sentry-component="Price"
                                             data-sentry-source-file="Price.tsx">
                                            <div class="Price_salePrice__P6Mfd">
                                                <div><strong class="Price_priceValue__A4KOr">6,580원</strong></div>
                                                <div class="ImageBadge_default__JWaYp"
                                                     data-sentry-component="ImageBadge"
                                                     data-sentry-source-file="ImageBadge.tsx"><img
                                                        src="https://image6.coupangcdn.com/image/cmg/icon/ios/logo_rocket_large@3x.png"
                                                        alt="로켓배송" loading="lazy"/></div>
                                            </div>
                                            <span class="UnitPrice_unitPrice__R_ZcA" data-sentry-component="UnitPrice"
                                                  data-sentry-source-file="UnitPrice.tsx">(<!-- -->10g당 548원
                                                <!-- -->)</span></div>
                                    </div>
                                    <div class="DeliveryInfo_delivery__c7z4P" data-sentry-component="DeliveryInfo"
                                         data-sentry-source-file="index.tsx">
                                        <div><span style="color:#008C00;font-size:14px">내일(수) </span><span
                                                style="color:#008C00;font-size:14px">도착 보장</span></div>
                                    </div>
                                    <div class="ProductRating_productRating__jjf7W"
                                         data-sentry-component="ProductRating" data-sentry-source-file="index.tsx"><span
                                            class="ProductRating_rating__lMxS9"><div class="ProductRating_star__RGSlV"
                                                                                     style="width:100%">5</div></span><span
                                            class="ProductRating_ratingCount__R0Vhz">(<!-- -->26<!-- -->)</span></div>
                                    <div class="ProductUnit_benefitBadges__IA2e1">
                                        <div class="BenefitBadge_cash-benefit__SmkrN"
                                             data-sentry-component="BenefitBadge"
                                             data-sentry-source-file="BenefitBadge.tsx">
                                            <div><img
                                                    src="https://image6.coupangcdn.com/image/badges/cashback/web/list-cash-icon@2x.png"
                                                    alt="최대 329원 적립" loading="lazy"/><span>최대 329원 적립</span></div>
                                        </div>
                                    </div>
                                </div>
                            </a></li>
                            <li class="ProductUnit_productUnit__Qd6sv" data-id="90678496516"
                                data-sentry-component="ProductItem" data-sentry-source-file="ProductItem.tsx"><a
                                    href="/vp/products/7759805082?itemId=23653127713&amp;vendorItemId=90678496516&amp;sourceType=srp_product_ads&amp;clickEventId=78fd8430-407f-11f0-8a87-46ace6683bff&amp;korePlacement=15&amp;koreSubPlacement=59&amp;clickEventId=78fd8430-407f-11f0-8a87-46ace6683bff&amp;korePlacement=15&amp;koreSubPlacement=59"
                                    target="_blank" data-sentry-element="AdLink" data-sentry-component="AdLink"
                                    data-sentry-source-file="index.tsx">
                                <figure class="ProductUnit_productImage__Mqcg1" data-sentry-component="ProductImage"
                                        data-sentry-source-file="ProductImage.tsx"><img
                                        alt="당연구소 현미유 카사바칩 저당 과자 간식, 20개, 40g" data-sentry-element="Image"
                                        data-sentry-source-file="ProductImage.tsx" loading="lazy" width="230"
                                        height="230" decoding="async" data-nimg="1" style="color:transparent"
                                        src="//thumbnail7.coupangcdn.com/thumbnails/remote/320x320ex/image/vendor_inventory/bb9d/7db7a092ead15fc60fb04700c24a5c7308e51b1cd9fda4d8a0a5d0c70c7e.jpg"/>
                                </figure>
                                <div class="ProductUnit_productInfo__1l0il">
                                    <div class="ProductUnit_badges__eYEJC">
                                        <div class="TextBadge_delivery__STgTC" data-sentry-component="TextBadge"
                                             data-sentry-source-file="TextBadge.tsx">무료배송
                                        </div>
                                    </div>
                                    <div class="ProductUnit_productName__gre7e">당연구소 현미유 카사바칩 저당 과자 간식, 20개, 40g</div>
                                    <div class="PriceArea_priceArea__NntJz" data-sentry-component="PriceArea"
                                         data-sentry-source-file="index.tsx"><span class="PriceInfo_priceInfo__VARjb"
                                                                                   data-sentry-component="PriceInfo"
                                                                                   data-sentry-source-file="PriceInfo.tsx"><span
                                            class="PriceInfo_discountRate__EsQ8I">53<!-- -->%</span><del
                                            class="PriceInfo_basePrice__8BQ32">64,000원</del></span>
                                        <div class="Price_price__tegCy" data-sentry-component="Price"
                                             data-sentry-source-file="Price.tsx">
                                            <div class="Price_salePrice__P6Mfd">
                                                <div><strong class="Price_priceValue__A4KOr">30,000원</strong></div>
                                            </div>
                                            <span class="UnitPrice_unitPrice__R_ZcA" data-sentry-component="UnitPrice"
                                                  data-sentry-source-file="UnitPrice.tsx">(<!-- -->10g당 375원
                                                <!-- -->)</span></div>
                                    </div>
                                    <div class="DeliveryInfo_delivery__c7z4P" data-sentry-component="DeliveryInfo"
                                         data-sentry-source-file="index.tsx">
                                        <div><span style="color:#212B36;font-size:14px">6/7(토) </span><span
                                                style="color:#212B36;font-size:14px">도착 예정</span></div>
                                    </div>
                                    <div class="ProductRating_productRating__jjf7W"
                                         data-sentry-component="ProductRating" data-sentry-source-file="index.tsx"><span
                                            class="ProductRating_rating__lMxS9"><div class="ProductRating_star__RGSlV"
                                                                                     style="width:90%">4.5</div></span><span
                                            class="ProductRating_ratingCount__R0Vhz">(<!-- -->3769<!-- -->)</span></div>
                                    <div class="ProductUnit_benefitBadges__IA2e1">
                                        <div class="BenefitBadge_cash-benefit__SmkrN"
                                             data-sentry-component="BenefitBadge"
                                             data-sentry-source-file="BenefitBadge.tsx">
                                            <div><img
                                                    src="https://image6.coupangcdn.com/image/badges/cashback/web/list-cash-icon@2x.png"
                                                    alt="최대 1,425원 적립" loading="lazy"/><span>최대 1,425원 적립</span></div>
                                        </div>
                                    </div>
                                    <div class="AdMark_adMark__KPMsC"
                                         data-adsplatform="{&quot;clickLogUri&quot;:&quot;https://mercury.coupang.com/e.gif?r=78fd8430-407f-11f0-8a87-46ace6683bff%7E3&amp;korePlacement=15&amp;koreSubPlacement=59&quot;,&quot;impressionLogUri&quot;:&quot;https://mercury.coupang.com/e.gif?r=78fd8430-407f-11f0-8a87-46ace6683bff%7E1&amp;korePlacement=15&amp;koreSubPlacement=59&quot;,&quot;viewImpression&quot;:&quot;https://mercury.coupang.com/e.gif?r=78fd8430-407f-11f0-8a87-46ace6683bff%7E2&amp;korePlacement=15&amp;koreSubPlacement=59&quot;}"
                                         data-event-id="78fd8430-407f-11f0-8a87-46ace6683bff">
                                        <div class="AdMark_tooltip__Q_PGS"><span>쿠팡으로부터 광고 서비스를 구매한 제휴업체의 판매상품으로 일반 상품보다 우선 정렬됩니다.</span>
                                        </div>
                                        <span class="AdMark_text__Rp7px">AD</span><span class="AdMark_icon__O2Q5V"><svg
                                            xmlns="http://www.w3.org/2000/svg" width="12" height="12"
                                            viewBox="0 0 12 12" data-sentry-element="svg"
                                            data-sentry-source-file="index.tsx"><g fill="none" fill-rule="evenodd"
                                                                                   opacity=".3" data-sentry-element="g"
                                                                                   data-sentry-source-file="index.tsx"><path
                                            fill="#000" fill-opacity="0" d="M0 12L12 12 12 0 0 0z"
                                            transform="translate(-1537 -743) translate(1537 743)"
                                            data-sentry-element="path" data-sentry-source-file="index.tsx"></path><path
                                            fill="#111" fill-rule="nonzero"
                                            d="M6 11.5c3.038 0 5.5-2.462 5.5-5.5S9.038.5 6 .5.5 2.962.5 6s2.462 5.5 5.5 5.5zm0 .5c-3.314 0-6-2.686-6-6s2.686-6 6-6 6 2.686 6 6-2.686 6-6 6zm.5-7v3.667L7.5 9h-3l1-.333V5.4l-1-.4h2zm-.625-2c.345 0 .625.28.625.625s-.28.625-.625.625-.625-.28-.625-.625S5.53 3 5.875 3z"
                                            transform="translate(-1537 -743) translate(1537 743)"
                                            data-sentry-element="path"
                                            data-sentry-source-file="index.tsx"></path></g></svg></span></div>
                                </div>
                            </a></li>
                            <li class="ProductUnit_productUnit__Qd6sv" data-id="78882965268"
                                data-sentry-component="ProductItem" data-sentry-source-file="ProductItem.tsx"><a
                                    href="/vp/products/7154465706?itemId=20921242547&amp;vendorItemId=78882965268&amp;sourceType=srp_product_ads&amp;clickEventId=78fd8430-407f-11f0-b80e-2226ab9d5c95&amp;korePlacement=15&amp;koreSubPlacement=60&amp;clickEventId=78fd8430-407f-11f0-b80e-2226ab9d5c95&amp;korePlacement=15&amp;koreSubPlacement=60"
                                    target="_blank" data-sentry-element="AdLink" data-sentry-component="AdLink"
                                    data-sentry-source-file="index.tsx">
                                <figure class="ProductUnit_productImage__Mqcg1" data-sentry-component="ProductImage"
                                        data-sentry-source-file="ProductImage.tsx"><img alt="카메다 쯔마미타네 120g, 1개"
                                                                                        data-sentry-element="Image"
                                                                                        data-sentry-source-file="ProductImage.tsx"
                                                                                        loading="lazy" width="230"
                                                                                        height="230" decoding="async"
                                                                                        data-nimg="1"
                                                                                        style="color:transparent"
                                                                                        src="//thumbnail9.coupangcdn.com/thumbnails/remote/320x320ex/image/vendor_inventory/ebbe/19c8770005481b66c019bd396408a3b89dd89a6fb50b50ef97d6d4abc2da.jpg"/>
                                </figure>
                                <div class="ProductUnit_productInfo__1l0il">
                                    <div class="ProductUnit_badges__eYEJC">
                                        <div class="TextBadge_delivery__STgTC" data-sentry-component="TextBadge"
                                             data-sentry-source-file="TextBadge.tsx">조건부 무료배송
                                        </div>
                                    </div>
                                    <div class="ProductUnit_productName__gre7e">카메다 쯔마미타네 120g, 1개</div>
                                    <div class="PriceArea_priceArea__NntJz" data-sentry-component="PriceArea"
                                         data-sentry-source-file="index.tsx">
                                        <div class="Price_price__tegCy" data-sentry-component="Price"
                                             data-sentry-source-file="Price.tsx">
                                            <div class="Price_salePrice__P6Mfd">
                                                <div><strong class="Price_priceValue__A4KOr">6,500원</strong></div>
                                            </div>
                                            <span class="UnitPrice_unitPrice__R_ZcA" data-sentry-component="UnitPrice"
                                                  data-sentry-source-file="UnitPrice.tsx">(<!-- -->10g당 542원
                                                <!-- -->)</span>
                                            <div class="TextBadge_feePrice__n_gta" data-sentry-component="TextBadge"
                                                 data-sentry-source-file="TextBadge.tsx">배송비 3,000원
                                            </div>
                                        </div>
                                    </div>
                                    <div class="DeliveryInfo_delivery__c7z4P" data-sentry-component="DeliveryInfo"
                                         data-sentry-source-file="index.tsx">
                                        <div><span style="color:#212B36;font-size:14px">모레(목) </span><span
                                                style="color:#212B36;font-size:14px">도착 예정</span></div>
                                    </div>
                                    <div class="ProductRating_productRating__jjf7W"
                                         data-sentry-component="ProductRating" data-sentry-source-file="index.tsx"><span
                                            class="ProductRating_rating__lMxS9"><div class="ProductRating_star__RGSlV"
                                                                                     style="width:90%">4.5</div></span><span
                                            class="ProductRating_ratingCount__R0Vhz">(<!-- -->154<!-- -->)</span></div>
                                    <div class="ProductUnit_benefitBadges__IA2e1">
                                        <div class="BenefitBadge_cash-benefit__SmkrN"
                                             data-sentry-component="BenefitBadge"
                                             data-sentry-source-file="BenefitBadge.tsx">
                                            <div><img
                                                    src="https://image6.coupangcdn.com/image/badges/cashback/web/list-cash-icon@2x.png"
                                                    alt="최대 325원 적립" loading="lazy"/><span>최대 325원 적립</span></div>
                                        </div>
                                    </div>
                                    <div class="AdMark_adMark__KPMsC"
                                         data-adsplatform="{&quot;clickLogUri&quot;:&quot;https://mercury.coupang.com/e.gif?r=78fd8430-407f-11f0-b80e-2226ab9d5c95%7E3&amp;korePlacement=15&amp;koreSubPlacement=60&quot;,&quot;impressionLogUri&quot;:&quot;https://mercury.coupang.com/e.gif?r=78fd8430-407f-11f0-b80e-2226ab9d5c95%7E1&amp;korePlacement=15&amp;koreSubPlacement=60&quot;,&quot;viewImpression&quot;:&quot;https://mercury.coupang.com/e.gif?r=78fd8430-407f-11f0-b80e-2226ab9d5c95%7E2&amp;korePlacement=15&amp;koreSubPlacement=60&quot;}"
                                         data-event-id="78fd8430-407f-11f0-b80e-2226ab9d5c95">
                                        <div class="AdMark_tooltip__Q_PGS"><span>쿠팡으로부터 광고 서비스를 구매한 제휴업체의 판매상품으로 일반 상품보다 우선 정렬됩니다.</span>
                                        </div>
                                        <span class="AdMark_text__Rp7px">AD</span><span class="AdMark_icon__O2Q5V"><svg
                                            xmlns="http://www.w3.org/2000/svg" width="12" height="12"
                                            viewBox="0 0 12 12" data-sentry-element="svg"
                                            data-sentry-source-file="index.tsx"><g fill="none" fill-rule="evenodd"
                                                                                   opacity=".3" data-sentry-element="g"
                                                                                   data-sentry-source-file="index.tsx"><path
                                            fill="#000" fill-opacity="0" d="M0 12L12 12 12 0 0 0z"
                                            transform="translate(-1537 -743) translate(1537 743)"
                                            data-sentry-element="path" data-sentry-source-file="index.tsx"></path><path
                                            fill="#111" fill-rule="nonzero"
                                            d="M6 11.5c3.038 0 5.5-2.462 5.5-5.5S9.038.5 6 .5.5 2.962.5 6s2.462 5.5 5.5 5.5zm0 .5c-3.314 0-6-2.686-6-6s2.686-6 6-6 6 2.686 6 6-2.686 6-6 6zm.5-7v3.667L7.5 9h-3l1-.333V5.4l-1-.4h2zm-.625-2c.345 0 .625.28.625.625s-.28.625-.625.625-.625-.28-.625-.625S5.53 3 5.875 3z"
                                            transform="translate(-1537 -743) translate(1537 743)"
                                            data-sentry-element="path"
                                            data-sentry-source-file="index.tsx"></path></g></svg></span></div>
                                </div>
                            </a></li>
                            <li class="ProductUnit_productUnit__Qd6sv" data-id="92416040473"
                                data-sentry-component="ProductItem" data-sentry-source-file="ProductItem.tsx"><a
                                    href="/vp/products/8293587796?itemId=25422864202&amp;vendorItemId=92416040473&amp;q=일본과자&amp;searchId=afc562b78792054&amp;sourceType=search&amp;itemsCount=36&amp;searchRank=60&amp;rank=60"
                                    target="_blank" data-sentry-element="AdLink" data-sentry-component="AdLink"
                                    data-sentry-source-file="index.tsx">
                                <figure class="ProductUnit_productImage__Mqcg1" data-sentry-component="ProductImage"
                                        data-sentry-source-file="ProductImage.tsx"><img alt="야마와키제과 카린토, 1개, 117g"
                                                                                        data-sentry-element="Image"
                                                                                        data-sentry-source-file="ProductImage.tsx"
                                                                                        loading="lazy" width="230"
                                                                                        height="230" decoding="async"
                                                                                        data-nimg="1"
                                                                                        style="color:transparent"
                                                                                        src="//thumbnail8.coupangcdn.com/thumbnails/remote/320x320ex/image/retail/images/2025/04/30/9/6/fcd43d51-15d3-4960-b65e-4e8933e61e28.jpg"/>
                                </figure>
                                <div class="ProductUnit_productInfo__1l0il">
                                    <div class="ProductUnit_badges__eYEJC"></div>
                                    <div class="ProductUnit_productName__gre7e">야마와키제과 카린토, 1개, 117g</div>
                                    <div class="PriceArea_priceArea__NntJz" data-sentry-component="PriceArea"
                                         data-sentry-source-file="index.tsx"><span class="PriceInfo_priceInfo__VARjb"
                                                                                   data-sentry-component="PriceInfo"
                                                                                   data-sentry-source-file="PriceInfo.tsx"><span
                                            class="PriceInfo_discountText__CbrBn">할인</span><span
                                            class="PriceInfo_discountRate__EsQ8I">10<!-- -->%</span><del
                                            class="PriceInfo_basePrice__8BQ32">5,460원</del></span>
                                        <div class="Price_price__tegCy" data-sentry-component="Price"
                                             data-sentry-source-file="Price.tsx">
                                            <div class="Price_salePrice__P6Mfd">
                                                <div><strong class="Price_priceValue__A4KOr">4,910원</strong></div>
                                                <div class="ImageBadge_default__JWaYp"
                                                     data-sentry-component="ImageBadge"
                                                     data-sentry-source-file="ImageBadge.tsx"><img
                                                        src="https://image6.coupangcdn.com/image/cmg/icon/ios/logo_rocket_large@3x.png"
                                                        alt="로켓배송" loading="lazy"/></div>
                                            </div>
                                            <span class="UnitPrice_unitPrice__R_ZcA" data-sentry-component="UnitPrice"
                                                  data-sentry-source-file="UnitPrice.tsx">(<!-- -->10g당 420원
                                                <!-- -->)</span></div>
                                    </div>
                                    <div class="DeliveryInfo_delivery__c7z4P" data-sentry-component="DeliveryInfo"
                                         data-sentry-source-file="index.tsx">
                                        <div><span style="color:#008C00;font-size:14px">내일(수) </span><span
                                                style="color:#008C00;font-size:14px">도착 보장</span></div>
                                    </div>
                                    <div class="ProductRating_productRating__jjf7W"
                                         data-sentry-component="ProductRating" data-sentry-source-file="index.tsx"><span
                                            class="ProductRating_rating__lMxS9"><div class="ProductRating_star__RGSlV"
                                                                                     style="width:100%">5</div></span><span
                                            class="ProductRating_ratingCount__R0Vhz">(<!-- -->93<!-- -->)</span></div>
                                    <div class="ProductUnit_benefitBadges__IA2e1">
                                        <div class="BenefitBadge_cash-benefit__SmkrN"
                                             data-sentry-component="BenefitBadge"
                                             data-sentry-source-file="BenefitBadge.tsx">
                                            <div><img
                                                    src="https://image6.coupangcdn.com/image/badges/cashback/web/list-cash-icon@2x.png"
                                                    alt="최대 245원 적립" loading="lazy"/><span>최대 245원 적립</span></div>
                                        </div>
                                    </div>
                                </div>
                            </a></li>
                            <li class="ProductUnit_productUnit__Qd6sv" data-id="88821909167"
                                data-sentry-component="ProductItem" data-sentry-source-file="ProductItem.tsx"><a
                                    href="/vp/products/8103851344?itemId=22932056956&amp;vendorItemId=88821909167&amp;q=일본과자&amp;searchId=afc562b78792054&amp;sourceType=search&amp;itemsCount=36&amp;searchRank=61&amp;rank=61"
                                    target="_blank" data-sentry-element="AdLink" data-sentry-component="AdLink"
                                    data-sentry-source-file="index.tsx">
                                <figure class="ProductUnit_productImage__Mqcg1" data-sentry-component="ProductImage"
                                        data-sentry-source-file="ProductImage.tsx"><img alt="후지야 컨트리맘 초코마미레, 1개, 117g"
                                                                                        data-sentry-element="Image"
                                                                                        data-sentry-source-file="ProductImage.tsx"
                                                                                        loading="lazy" width="230"
                                                                                        height="230" decoding="async"
                                                                                        data-nimg="1"
                                                                                        style="color:transparent"
                                                                                        src="//thumbnail10.coupangcdn.com/thumbnails/remote/320x320ex/image/retail/images/474928302977732-e5f279e0-9d9f-41d2-aedb-e38c2a7445f2.jpg"/>
                                </figure>
                                <div class="ProductUnit_productInfo__1l0il">
                                    <div class="ProductUnit_badges__eYEJC"></div>
                                    <div class="ProductUnit_productName__gre7e">후지야 컨트리맘 초코마미레, 1개, 117g</div>
                                    <div class="PriceArea_priceArea__NntJz" data-sentry-component="PriceArea"
                                         data-sentry-source-file="index.tsx">
                                        <div class="Price_price__tegCy" data-sentry-component="Price"
                                             data-sentry-source-file="Price.tsx">
                                            <div class="Price_salePrice__P6Mfd">
                                                <div><strong class="Price_priceValue__A4KOr">6,320원</strong></div>
                                                <div class="ImageBadge_default__JWaYp"
                                                     data-sentry-component="ImageBadge"
                                                     data-sentry-source-file="ImageBadge.tsx"><img
                                                        src="https://image6.coupangcdn.com/image/cmg/icon/ios/logo_rocket_large@3x.png"
                                                        alt="로켓배송" loading="lazy"/></div>
                                            </div>
                                            <span class="UnitPrice_unitPrice__R_ZcA" data-sentry-component="UnitPrice"
                                                  data-sentry-source-file="UnitPrice.tsx">(<!-- -->10g당 540원
                                                <!-- -->)</span></div>
                                    </div>
                                    <div class="DeliveryInfo_delivery__c7z4P" data-sentry-component="DeliveryInfo"
                                         data-sentry-source-file="index.tsx">
                                        <div><span style="color:#008C00;font-size:14px">내일(수) </span><span
                                                style="color:#008C00;font-size:14px">도착 보장</span></div>
                                    </div>
                                    <div class="ProductRating_productRating__jjf7W"
                                         data-sentry-component="ProductRating" data-sentry-source-file="index.tsx"><span
                                            class="ProductRating_rating__lMxS9"><div class="ProductRating_star__RGSlV"
                                                                                     style="width:100%">5</div></span><span
                                            class="ProductRating_ratingCount__R0Vhz">(<!-- -->45<!-- -->)</span></div>
                                    <div class="ProductUnit_benefitBadges__IA2e1">
                                        <div class="BenefitBadge_cash-benefit__SmkrN"
                                             data-sentry-component="BenefitBadge"
                                             data-sentry-source-file="BenefitBadge.tsx">
                                            <div><img
                                                    src="https://image6.coupangcdn.com/image/badges/cashback/web/list-cash-icon@2x.png"
                                                    alt="최대 316원 적립" loading="lazy"/><span>최대 316원 적립</span></div>
                                        </div>
                                    </div>
                                </div>
                            </a></li>
                            <li class="ProductUnit_productUnit__Qd6sv" data-id="92281361738"
                                data-sentry-component="ProductItem" data-sentry-source-file="ProductItem.tsx"><a
                                    href="/vp/products/8706664771?itemId=25285839108&amp;vendorItemId=92281361738&amp;q=일본과자&amp;searchId=afc562b78792054&amp;sourceType=search&amp;itemsCount=36&amp;searchRank=62&amp;rank=62"
                                    target="_blank" data-sentry-element="AdLink" data-sentry-component="AdLink"
                                    data-sentry-source-file="index.tsx">
                                <figure class="ProductUnit_productImage__Mqcg1" data-sentry-component="ProductImage"
                                        data-sentry-source-file="ProductImage.tsx"><img
                                        alt="소이조이 블루베리 스트로베리 애플 아몬드초콜릿 후루츠&amp;베이크드치즈 스위트포테이토 마카다미아&amp;레몬 바나나 12개입, 1개"
                                        data-sentry-element="Image" data-sentry-source-file="ProductImage.tsx"
                                        loading="lazy" width="230" height="230" decoding="async" data-nimg="1"
                                        style="color:transparent"
                                        src="//thumbnail8.coupangcdn.com/thumbnails/remote/320x320ex/image/vendor_inventory/bc5f/4dff53dc13da50accec58bc098b1cf2a8ab54db0deb15d4bfcf232676cb0.jpeg"/>
                                </figure>
                                <div class="ProductUnit_productInfo__1l0il">
                                    <div class="ProductUnit_badges__eYEJC">
                                        <div class="TextBadge_delivery__STgTC" data-sentry-component="TextBadge"
                                             data-sentry-source-file="TextBadge.tsx">무료배송
                                        </div>
                                    </div>
                                    <div class="ProductUnit_productName__gre7e">소이조이 블루베리 스트로베리 애플 아몬드초콜릿 후루츠&amp;베이크드치즈
                                        스위트포테이토 마카다미아&amp;레몬 바나나 12개입, 1개
                                    </div>
                                    <div class="PriceArea_priceArea__NntJz" data-sentry-component="PriceArea"
                                         data-sentry-source-file="index.tsx"><span class="PriceInfo_priceInfo__VARjb"
                                                                                   data-sentry-component="PriceInfo"
                                                                                   data-sentry-source-file="PriceInfo.tsx"><span
                                            class="PriceInfo_discountRate__EsQ8I">27<!-- -->%</span><del
                                            class="PriceInfo_basePrice__8BQ32">39,900원</del></span>
                                        <div class="Price_price__tegCy" data-sentry-component="Price"
                                             data-sentry-source-file="Price.tsx">
                                            <div class="Price_salePrice__P6Mfd">
                                                <div><strong class="Price_priceValue__A4KOr">28,900원</strong></div>
                                            </div>
                                        </div>
                                    </div>
                                    <div class="DeliveryInfo_delivery__c7z4P" data-sentry-component="DeliveryInfo"
                                         data-sentry-source-file="index.tsx">
                                        <div><span style="color:#212B36;font-size:14px">6/11 </span><span
                                                style="color:#212B36;font-size:14px">도착 예정</span></div>
                                    </div>
                                    <div class="ProductUnit_benefitBadges__IA2e1">
                                        <div class="BenefitBadge_cash-benefit__SmkrN"
                                             data-sentry-component="BenefitBadge"
                                             data-sentry-source-file="BenefitBadge.tsx">
                                            <div><img
                                                    src="https://image6.coupangcdn.com/image/badges/cashback/web/list-cash-icon@2x.png"
                                                    alt="최대 1,445원 적립" loading="lazy"/><span>최대 1,445원 적립</span></div>
                                        </div>
                                    </div>
                                </div>
                            </a></li>
                            <li class="ProductUnit_productUnit__Qd6sv" data-id="87878906544"
                                data-sentry-component="ProductItem" data-sentry-source-file="ProductItem.tsx"><a
                                    href="/vp/products/7614444039?itemId=20174061054&amp;vendorItemId=87878906544&amp;q=일본과자&amp;searchId=afc562b78792054&amp;sourceType=search&amp;itemsCount=36&amp;searchRank=63&amp;rank=63"
                                    target="_blank" data-sentry-element="AdLink" data-sentry-component="AdLink"
                                    data-sentry-source-file="index.tsx">
                                <figure class="ProductUnit_productImage__Mqcg1" data-sentry-component="ProductImage"
                                        data-sentry-source-file="ProductImage.tsx"><img alt="쿠보타 딸기 찹쌀떡, 113g, 1개"
                                                                                        data-sentry-element="Image"
                                                                                        data-sentry-source-file="ProductImage.tsx"
                                                                                        loading="lazy" width="230"
                                                                                        height="230" decoding="async"
                                                                                        data-nimg="1"
                                                                                        style="color:transparent"
                                                                                        src="//thumbnail7.coupangcdn.com/thumbnails/remote/320x320ex/image/vendor_inventory/18c5/edb2ae451f78f0715e032d62c99bd16d09de04534e00ff5473e1d86610ec.jpg"/>
                                </figure>
                                <div class="ProductUnit_productInfo__1l0il">
                                    <div class="ProductUnit_badges__eYEJC"></div>
                                    <div class="ProductUnit_productName__gre7e">쿠보타 딸기 찹쌀떡, 113g, 1개</div>
                                    <div class="PriceArea_priceArea__NntJz" data-sentry-component="PriceArea"
                                         data-sentry-source-file="index.tsx">
                                        <div class="Price_price__tegCy" data-sentry-component="Price"
                                             data-sentry-source-file="Price.tsx">
                                            <div class="Price_salePrice__P6Mfd">
                                                <div><strong class="Price_priceValue__A4KOr">4,990원</strong></div>
                                                <div class="ImageBadge_default__JWaYp"
                                                     data-sentry-component="ImageBadge"
                                                     data-sentry-source-file="ImageBadge.tsx"><img
                                                        src="https://image6.coupangcdn.com/image/cmg/icon/ios/logo_rocket_large@3x.png"
                                                        alt="로켓배송" loading="lazy"/></div>
                                            </div>
                                            <span class="UnitPrice_unitPrice__R_ZcA" data-sentry-component="UnitPrice"
                                                  data-sentry-source-file="UnitPrice.tsx">(<!-- -->10g당 442원
                                                <!-- -->)</span></div>
                                    </div>
                                    <div class="DeliveryInfo_delivery__c7z4P" data-sentry-component="DeliveryInfo"
                                         data-sentry-source-file="index.tsx">
                                        <div><span style="color:#008C00;font-size:14px">내일(수) </span><span
                                                style="color:#008C00;font-size:14px">도착 보장</span></div>
                                    </div>
                                    <div class="ProductRating_productRating__jjf7W"
                                         data-sentry-component="ProductRating" data-sentry-source-file="index.tsx"><span
                                            class="ProductRating_rating__lMxS9"><div class="ProductRating_star__RGSlV"
                                                                                     style="width:90%">4.5</div></span><span
                                            class="ProductRating_ratingCount__R0Vhz">(<!-- -->248<!-- -->)</span></div>
                                    <div class="ProductUnit_benefitBadges__IA2e1">
                                        <div class="BenefitBadge_cash-benefit__SmkrN"
                                             data-sentry-component="BenefitBadge"
                                             data-sentry-source-file="BenefitBadge.tsx">
                                            <div><img
                                                    src="https://image6.coupangcdn.com/image/badges/cashback/web/list-cash-icon@2x.png"
                                                    alt="최대 250원 적립" loading="lazy"/><span>최대 250원 적립</span></div>
                                        </div>
                                    </div>
                                </div>
                            </a></li>
                            <li class="ProductUnit_productUnit__Qd6sv" data-id="91492491540"
                                data-sentry-component="ProductItem" data-sentry-source-file="ProductItem.tsx"><a
                                    href="/vp/products/7712253280?itemId=18807509848&amp;vendorItemId=91492491540&amp;q=일본과자&amp;searchId=afc562b78792054&amp;sourceType=search&amp;itemsCount=36&amp;searchRank=64&amp;rank=64"
                                    target="_blank" data-sentry-element="AdLink" data-sentry-component="AdLink"
                                    data-sentry-source-file="index.tsx">
                                <figure class="ProductUnit_productImage__Mqcg1" data-sentry-component="ProductImage"
                                        data-sentry-source-file="ProductImage.tsx"><img alt="시아와세도 산미다이나곤 모나카, 1개, 126g"
                                                                                        data-sentry-element="Image"
                                                                                        data-sentry-source-file="ProductImage.tsx"
                                                                                        loading="lazy" width="230"
                                                                                        height="230" decoding="async"
                                                                                        data-nimg="1"
                                                                                        style="color:transparent"
                                                                                        src="//thumbnail7.coupangcdn.com/thumbnails/remote/320x320ex/image/retail/images/2024/11/18/17/1/2622e558-aed2-463e-b3e7-57f69b21f228.jpg"/>
                                </figure>
                                <div class="ProductUnit_productInfo__1l0il">
                                    <div class="ProductUnit_badges__eYEJC"></div>
                                    <div class="ProductUnit_productName__gre7e">시아와세도 산미다이나곤 모나카, 1개, 126g</div>
                                    <div class="PriceArea_priceArea__NntJz" data-sentry-component="PriceArea"
                                         data-sentry-source-file="index.tsx">
                                        <div class="Price_price__tegCy" data-sentry-component="Price"
                                             data-sentry-source-file="Price.tsx">
                                            <div class="Price_salePrice__P6Mfd">
                                                <div><strong class="Price_priceValue__A4KOr">4,330원</strong></div>
                                                <div class="ImageBadge_default__JWaYp"
                                                     data-sentry-component="ImageBadge"
                                                     data-sentry-source-file="ImageBadge.tsx"><img
                                                        src="https://image6.coupangcdn.com/image/cmg/icon/ios/logo_rocket_large@3x.png"
                                                        alt="로켓배송" loading="lazy"/></div>
                                            </div>
                                            <span class="UnitPrice_unitPrice__R_ZcA" data-sentry-component="UnitPrice"
                                                  data-sentry-source-file="UnitPrice.tsx">(<!-- -->10g당 344원
                                                <!-- -->)</span></div>
                                    </div>
                                    <div class="DeliveryInfo_delivery__c7z4P" data-sentry-component="DeliveryInfo"
                                         data-sentry-source-file="index.tsx">
                                        <div><span style="color:#008C00;font-size:14px">내일(수) </span><span
                                                style="color:#008C00;font-size:14px">도착 보장</span></div>
                                    </div>
                                    <div class="ProductRating_productRating__jjf7W"
                                         data-sentry-component="ProductRating" data-sentry-source-file="index.tsx"><span
                                            class="ProductRating_rating__lMxS9"><div class="ProductRating_star__RGSlV"
                                                                                     style="width:100%">5</div></span><span
                                            class="ProductRating_ratingCount__R0Vhz">(<!-- -->40<!-- -->)</span></div>
                                    <div class="ProductUnit_benefitBadges__IA2e1">
                                        <div class="BenefitBadge_cash-benefit__SmkrN"
                                             data-sentry-component="BenefitBadge"
                                             data-sentry-source-file="BenefitBadge.tsx">
                                            <div><img
                                                    src="https://image6.coupangcdn.com/image/badges/cashback/web/list-cash-icon@2x.png"
                                                    alt="최대 216원 적립" loading="lazy"/><span>최대 216원 적립</span></div>
                                        </div>
                                    </div>
                                </div>
                            </a></li>
                            <li class="ProductUnit_productUnit__Qd6sv" data-id="91738592684"
                                data-sentry-component="ProductItem" data-sentry-source-file="ProductItem.tsx"><a
                                    href="/vp/products/8541412231?itemId=24729639224&amp;vendorItemId=91738592684&amp;q=일본과자&amp;searchId=afc562b78792054&amp;sourceType=search&amp;itemsCount=36&amp;searchRank=65&amp;rank=65"
                                    target="_blank" data-sentry-element="AdLink" data-sentry-component="AdLink"
                                    data-sentry-source-file="index.tsx">
                                <figure class="ProductUnit_productImage__Mqcg1" data-sentry-component="ProductImage"
                                        data-sentry-source-file="ProductImage.tsx"><img alt="카라무쵸 핫칠리 감자스틱, 100g, 1개"
                                                                                        data-sentry-element="Image"
                                                                                        data-sentry-source-file="ProductImage.tsx"
                                                                                        loading="lazy" width="230"
                                                                                        height="230" decoding="async"
                                                                                        data-nimg="1"
                                                                                        style="color:transparent"
                                                                                        src="//thumbnail8.coupangcdn.com/thumbnails/remote/320x320ex/image/retail/images/2025/01/08/17/6/3003e8f4-0e42-4c7b-827a-afdff7194862.jpg"/>
                                </figure>
                                <div class="ProductUnit_productInfo__1l0il">
                                    <div class="ProductUnit_badges__eYEJC"></div>
                                    <div class="ProductUnit_productName__gre7e">카라무쵸 핫칠리 감자스틱, 100g, 1개</div>
                                    <div class="PriceArea_priceArea__NntJz" data-sentry-component="PriceArea"
                                         data-sentry-source-file="index.tsx">
                                        <div class="Price_price__tegCy" data-sentry-component="Price"
                                             data-sentry-source-file="Price.tsx">
                                            <div class="Price_salePrice__P6Mfd">
                                                <div><strong class="Price_priceValue__A4KOr">3,570원</strong></div>
                                                <div class="ImageBadge_default__JWaYp"
                                                     data-sentry-component="ImageBadge"
                                                     data-sentry-source-file="ImageBadge.tsx"><img
                                                        src="https://image6.coupangcdn.com/image/cmg/icon/ios/logo_rocket_large@3x.png"
                                                        alt="로켓배송" loading="lazy"/></div>
                                            </div>
                                            <span class="UnitPrice_unitPrice__R_ZcA" data-sentry-component="UnitPrice"
                                                  data-sentry-source-file="UnitPrice.tsx">(<!-- -->10g당 357원
                                                <!-- -->)</span></div>
                                    </div>
                                    <div class="DeliveryInfo_delivery__c7z4P" data-sentry-component="DeliveryInfo"
                                         data-sentry-source-file="index.tsx">
                                        <div><span style="color:#008C00;font-size:14px">내일(수) </span><span
                                                style="color:#008C00;font-size:14px">도착 보장</span></div>
                                    </div>
                                    <div class="ProductRating_productRating__jjf7W"
                                         data-sentry-component="ProductRating" data-sentry-source-file="index.tsx"><span
                                            class="ProductRating_rating__lMxS9"><div class="ProductRating_star__RGSlV"
                                                                                     style="width:100%">5</div></span><span
                                            class="ProductRating_ratingCount__R0Vhz">(<!-- -->35<!-- -->)</span></div>
                                    <div class="ProductUnit_benefitBadges__IA2e1">
                                        <div class="BenefitBadge_cash-benefit__SmkrN"
                                             data-sentry-component="BenefitBadge"
                                             data-sentry-source-file="BenefitBadge.tsx">
                                            <div><img
                                                    src="https://image6.coupangcdn.com/image/badges/cashback/web/list-cash-icon@2x.png"
                                                    alt="최대 179원 적립" loading="lazy"/><span>최대 179원 적립</span></div>
                                        </div>
                                    </div>
                                </div>
                            </a></li>
                            <li class="ProductUnit_productUnit__Qd6sv" data-id="80719956167"
                                data-sentry-component="ProductItem" data-sentry-source-file="ProductItem.tsx"><a
                                    href="/vp/products/1847799285?itemId=3140998221&amp;vendorItemId=80719956167&amp;q=일본과자&amp;searchId=afc562b78792054&amp;sourceType=search&amp;itemsCount=36&amp;searchRank=66&amp;rank=66"
                                    target="_blank" data-sentry-element="AdLink" data-sentry-component="AdLink"
                                    data-sentry-source-file="index.tsx">
                                <figure class="ProductUnit_productImage__Mqcg1" data-sentry-component="ProductImage"
                                        data-sentry-source-file="ProductImage.tsx"><img
                                        alt="Izumiya 오츠마메점보 스낵믹스, 220g, 1개" data-sentry-element="Image"
                                        data-sentry-source-file="ProductImage.tsx" loading="lazy" width="230"
                                        height="230" decoding="async" data-nimg="1" style="color:transparent"
                                        src="//thumbnail9.coupangcdn.com/thumbnails/remote/320x320ex/image/1025_amir_coupang_oct_80k/4b78/90ebc161acbf381afde551e5ebec94f19d2b8ada10ea574646063b27a3f6.jpg"/>
                                </figure>
                                <div class="ProductUnit_productInfo__1l0il">
                                    <div class="ProductUnit_badges__eYEJC"></div>
                                    <div class="ProductUnit_productName__gre7e">Izumiya 오츠마메점보 스낵믹스, 220g, 1개</div>
                                    <div class="PriceArea_priceArea__NntJz" data-sentry-component="PriceArea"
                                         data-sentry-source-file="index.tsx">
                                        <div class="Price_price__tegCy" data-sentry-component="Price"
                                             data-sentry-source-file="Price.tsx">
                                            <div class="Price_salePrice__P6Mfd">
                                                <div><strong class="Price_priceValue__A4KOr">6,280원</strong></div>
                                                <div class="ImageBadge_default__JWaYp"
                                                     data-sentry-component="ImageBadge"
                                                     data-sentry-source-file="ImageBadge.tsx"><img
                                                        src="https://image6.coupangcdn.com/image/cmg/icon/ios/logo_rocket_large@3x.png"
                                                        alt="로켓배송" loading="lazy"/></div>
                                            </div>
                                            <span class="UnitPrice_unitPrice__R_ZcA" data-sentry-component="UnitPrice"
                                                  data-sentry-source-file="UnitPrice.tsx">(<!-- -->10g당 285원
                                                <!-- -->)</span></div>
                                    </div>
                                    <div class="DeliveryInfo_delivery__c7z4P" data-sentry-component="DeliveryInfo"
                                         data-sentry-source-file="index.tsx">
                                        <div><span style="color:#008C00;font-size:14px">내일(수) </span><span
                                                style="color:#008C00;font-size:14px">도착 보장</span></div>
                                    </div>
                                    <div class="ProductRating_productRating__jjf7W"
                                         data-sentry-component="ProductRating" data-sentry-source-file="index.tsx"><span
                                            class="ProductRating_rating__lMxS9"><div class="ProductRating_star__RGSlV"
                                                                                     style="width:90%">4.5</div></span><span
                                            class="ProductRating_ratingCount__R0Vhz">(<!-- -->1717<!-- -->)</span></div>
                                    <div class="ProductUnit_benefitBadges__IA2e1">
                                        <div class="BenefitBadge_cash-benefit__SmkrN"
                                             data-sentry-component="BenefitBadge"
                                             data-sentry-source-file="BenefitBadge.tsx">
                                            <div><img
                                                    src="https://image6.coupangcdn.com/image/badges/cashback/web/list-cash-icon@2x.png"
                                                    alt="최대 314원 적립" loading="lazy"/><span>최대 314원 적립</span></div>
                                        </div>
                                    </div>
                                </div>
                            </a></li>
                            <li class="ProductUnit_productUnit__Qd6sv" data-id="92361151254"
                                data-sentry-component="ProductItem" data-sentry-source-file="ProductItem.tsx"><a
                                    href="/vp/products/8730337781?itemId=25366936424&amp;vendorItemId=92361151254&amp;q=일본과자&amp;searchId=afc562b78792054&amp;sourceType=search&amp;itemsCount=36&amp;searchRank=67&amp;rank=67"
                                    target="_blank" data-sentry-element="AdLink" data-sentry-component="AdLink"
                                    data-sentry-source-file="index.tsx">
                                <figure class="ProductUnit_productImage__Mqcg1" data-sentry-component="ProductImage"
                                        data-sentry-source-file="ProductImage.tsx"><img
                                        alt="요쿠모쿠 쿠키 어린이집 선물 일본 과자 답례품 과자세트, 1개" data-sentry-element="Image"
                                        data-sentry-source-file="ProductImage.tsx" loading="lazy" width="230"
                                        height="230" decoding="async" data-nimg="1" style="color:transparent"
                                        src="//thumbnail9.coupangcdn.com/thumbnails/remote/320x320ex/image/vendor_inventory/0c40/023482192f3fe1115d4709358d7a2c05764eff63f559e65195848a47557f.jpg"/>
                                </figure>
                                <div class="ProductUnit_productInfo__1l0il">
                                    <div class="ProductUnit_badges__eYEJC"></div>
                                    <div class="ProductUnit_productName__gre7e">요쿠모쿠 쿠키 어린이집 선물 일본 과자 답례품 과자세트, 1개</div>
                                    <div class="PriceArea_priceArea__NntJz" data-sentry-component="PriceArea"
                                         data-sentry-source-file="index.tsx">
                                        <div class="Price_price__tegCy" data-sentry-component="Price"
                                             data-sentry-source-file="Price.tsx">
                                            <div class="Price_salePrice__P6Mfd">
                                                <div><strong class="Price_priceValue__A4KOr">36,800원</strong></div>
                                            </div>
                                            <div class="TextBadge_feePrice__n_gta" data-sentry-component="TextBadge"
                                                 data-sentry-source-file="TextBadge.tsx">배송비 15,000원
                                            </div>
                                        </div>
                                    </div>
                                    <div class="DeliveryInfo_delivery__c7z4P" data-sentry-component="DeliveryInfo"
                                         data-sentry-source-file="index.tsx">
                                        <div><span style="color:#212B36;font-size:14px">6/23 </span><span
                                                style="color:#212B36;font-size:14px">도착 예정</span></div>
                                    </div>
                                    <div class="ProductUnit_benefitBadges__IA2e1">
                                        <div class="BenefitBadge_cash-benefit__SmkrN"
                                             data-sentry-component="BenefitBadge"
                                             data-sentry-source-file="BenefitBadge.tsx">
                                            <div><img
                                                    src="https://image6.coupangcdn.com/image/badges/cashback/web/list-cash-icon@2x.png"
                                                    alt="최대 1,840원 적립" loading="lazy"/><span>최대 1,840원 적립</span></div>
                                        </div>
                                    </div>
                                </div>
                            </a></li>
                            <li class="ProductUnit_productUnit__Qd6sv" data-id="88530592824"
                                data-sentry-component="ProductItem" data-sentry-source-file="ProductItem.tsx"><a
                                    href="/vp/products/7688321511?itemId=21476352688&amp;vendorItemId=88530592824&amp;q=일본과자&amp;searchId=afc562b78792054&amp;sourceType=search&amp;itemsCount=36&amp;searchRank=68&amp;rank=68"
                                    target="_blank" data-sentry-element="AdLink" data-sentry-component="AdLink"
                                    data-sentry-source-file="index.tsx">
                                <figure class="ProductUnit_productImage__Mqcg1" data-sentry-component="ProductImage"
                                        data-sentry-source-file="ProductImage.tsx"><img alt="메이지 말차 초콜릿 26개입, 120g, 1개"
                                                                                        data-sentry-element="Image"
                                                                                        data-sentry-source-file="ProductImage.tsx"
                                                                                        loading="lazy" width="230"
                                                                                        height="230" decoding="async"
                                                                                        data-nimg="1"
                                                                                        style="color:transparent"
                                                                                        src="//thumbnail7.coupangcdn.com/thumbnails/remote/320x320ex/image/vendor_inventory/d744/13359dede4984e04e6d3052cb5f07170d7bc5031d3eb5be566280077929e.jpg"/>
                                </figure>
                                <div class="ProductUnit_productInfo__1l0il">
                                    <div class="ProductUnit_badges__eYEJC">
                                        <div class="TextBadge_delivery__STgTC" data-sentry-component="TextBadge"
                                             data-sentry-source-file="TextBadge.tsx">조건부 무료배송
                                        </div>
                                    </div>
                                    <div class="ProductUnit_productName__gre7e">메이지 말차 초콜릿 26개입, 120g, 1개</div>
                                    <div class="PriceArea_priceArea__NntJz" data-sentry-component="PriceArea"
                                         data-sentry-source-file="index.tsx">
                                        <div class="Price_price__tegCy" data-sentry-component="Price"
                                             data-sentry-source-file="Price.tsx">
                                            <div class="Price_salePrice__P6Mfd">
                                                <div><strong class="Price_priceValue__A4KOr">5,990원</strong></div>
                                                <div class="ImageBadge_default__JWaYp"
                                                     data-sentry-component="ImageBadge"
                                                     data-sentry-source-file="ImageBadge.tsx"><img
                                                        src="https://image6.coupangcdn.com/image/delivery_badge/default/pc/global_b/global_b.png"
                                                        alt="로켓직구" loading="lazy"/></div>
                                            </div>
                                            <span class="UnitPrice_unitPrice__R_ZcA" data-sentry-component="UnitPrice"
                                                  data-sentry-source-file="UnitPrice.tsx">(<!-- -->10g당 499원
                                                <!-- -->)</span>
                                            <div class="TextBadge_feePrice__n_gta" data-sentry-component="TextBadge"
                                                 data-sentry-source-file="TextBadge.tsx">배송비 2,500원
                                            </div>
                                        </div>
                                    </div>
                                    <div class="DeliveryInfo_delivery__c7z4P" data-sentry-component="DeliveryInfo"
                                         data-sentry-source-file="index.tsx">
                                        <div><span style="color:#212B36;font-size:14px">6/7(토) </span><span
                                                style="color:#212B36;font-size:14px">도착 예정</span></div>
                                    </div>
                                    <div class="ProductRating_productRating__jjf7W"
                                         data-sentry-component="ProductRating" data-sentry-source-file="index.tsx"><span
                                            class="ProductRating_rating__lMxS9"><div class="ProductRating_star__RGSlV"
                                                                                     style="width:90%">4.5</div></span><span
                                            class="ProductRating_ratingCount__R0Vhz">(<!-- -->295<!-- -->)</span></div>
                                    <div class="ProductUnit_benefitBadges__IA2e1">
                                        <div class="BenefitBadge_cash-benefit__SmkrN"
                                             data-sentry-component="BenefitBadge"
                                             data-sentry-source-file="BenefitBadge.tsx">
                                            <div><img
                                                    src="https://image6.coupangcdn.com/image/badges/cashback/web/list-cash-icon@2x.png"
                                                    alt="최대 300원 적립" loading="lazy"/><span>최대 300원 적립</span></div>
                                        </div>
                                    </div>
                                </div>
                            </a></li>
                            <li class="ProductUnit_productUnit__Qd6sv" data-id="91096943077"
                                data-sentry-component="ProductItem" data-sentry-source-file="ProductItem.tsx"><a
                                    href="/vp/products/7109736565?itemId=20649615842&amp;vendorItemId=91096943077&amp;q=일본과자&amp;searchId=afc562b78792054&amp;sourceType=search&amp;itemsCount=36&amp;searchRank=69&amp;rank=69"
                                    target="_blank" data-sentry-element="AdLink" data-sentry-component="AdLink"
                                    data-sentry-source-file="index.tsx">
                                <figure class="ProductUnit_productImage__Mqcg1" data-sentry-component="ProductImage"
                                        data-sentry-source-file="ProductImage.tsx"><img alt="마루이치 쿠리킨톤 밤만쥬, 180g, 2개"
                                                                                        data-sentry-element="Image"
                                                                                        data-sentry-source-file="ProductImage.tsx"
                                                                                        loading="lazy" width="230"
                                                                                        height="230" decoding="async"
                                                                                        data-nimg="1"
                                                                                        style="color:transparent"
                                                                                        src="//thumbnail9.coupangcdn.com/thumbnails/remote/320x320ex/image/retail/images/66942518335932-24fa3098-ad3e-4852-9ca7-b6b61866ad15.jpg"/>
                                </figure>
                                <div class="ProductUnit_productInfo__1l0il">
                                    <div class="ProductUnit_badges__eYEJC"></div>
                                    <div class="ProductUnit_productName__gre7e">마루이치 쿠리킨톤 밤만쥬, 180g, 2개</div>
                                    <div class="PriceArea_priceArea__NntJz" data-sentry-component="PriceArea"
                                         data-sentry-source-file="index.tsx">
                                        <div class="Price_price__tegCy" data-sentry-component="Price"
                                             data-sentry-source-file="Price.tsx">
                                            <div class="Price_salePrice__P6Mfd">
                                                <div><strong class="Price_priceValue__A4KOr">7,300원</strong></div>
                                                <div class="ImageBadge_default__JWaYp"
                                                     data-sentry-component="ImageBadge"
                                                     data-sentry-source-file="ImageBadge.tsx"><img
                                                        src="https://image6.coupangcdn.com/image/cmg/icon/ios/logo_rocket_large@3x.png"
                                                        alt="로켓배송" loading="lazy"/></div>
                                            </div>
                                            <span class="UnitPrice_unitPrice__R_ZcA" data-sentry-component="UnitPrice"
                                                  data-sentry-source-file="UnitPrice.tsx">(<!-- -->10g당 203원
                                                <!-- -->)</span></div>
                                    </div>
                                    <div class="DeliveryInfo_delivery__c7z4P" data-sentry-component="DeliveryInfo"
                                         data-sentry-source-file="index.tsx">
                                        <div><span style="color:#008C00;font-size:14px">내일(수) </span><span
                                                style="color:#008C00;font-size:14px">도착 보장</span></div>
                                    </div>
                                    <div class="ProductRating_productRating__jjf7W"
                                         data-sentry-component="ProductRating" data-sentry-source-file="index.tsx"><span
                                            class="ProductRating_rating__lMxS9"><div class="ProductRating_star__RGSlV"
                                                                                     style="width:90%">4.5</div></span><span
                                            class="ProductRating_ratingCount__R0Vhz">(<!-- -->1616<!-- -->)</span></div>
                                    <div class="ProductUnit_benefitBadges__IA2e1">
                                        <div class="BenefitBadge_cash-benefit__SmkrN"
                                             data-sentry-component="BenefitBadge"
                                             data-sentry-source-file="BenefitBadge.tsx">
                                            <div><img
                                                    src="https://image6.coupangcdn.com/image/badges/cashback/web/list-cash-icon@2x.png"
                                                    alt="최대 365원 적립" loading="lazy"/><span>최대 365원 적립</span></div>
                                        </div>
                                    </div>
                                </div>
                            </a></li>
                            <li class="ProductUnit_productUnit__Qd6sv" data-id="90709464691"
                                data-sentry-component="ProductItem" data-sentry-source-file="ProductItem.tsx"><a
                                    href="/vp/products/8164002768?itemId=23287440034&amp;vendorItemId=90709464691&amp;q=일본과자&amp;searchId=afc562b78792054&amp;sourceType=search&amp;itemsCount=36&amp;searchRank=70&amp;rank=70"
                                    target="_blank" data-sentry-element="AdLink" data-sentry-component="AdLink"
                                    data-sentry-source-file="index.tsx">
                                <figure class="ProductUnit_productImage__Mqcg1" data-sentry-component="ProductImage"
                                        data-sentry-source-file="ProductImage.tsx"><img alt="뉴트리오코 밀크맛 웨이퍼, 360g, 1개"
                                                                                        data-sentry-element="Image"
                                                                                        data-sentry-source-file="ProductImage.tsx"
                                                                                        loading="lazy" width="230"
                                                                                        height="230" decoding="async"
                                                                                        data-nimg="1"
                                                                                        style="color:transparent"
                                                                                        src="//thumbnail10.coupangcdn.com/thumbnails/remote/320x320ex/image/retail/images/75474480023637-b9faeb6a-3126-49f6-9c9a-3f39839958ff.jpg"/>
                                </figure>
                                <div class="ProductUnit_productInfo__1l0il">
                                    <div class="ProductUnit_badges__eYEJC"></div>
                                    <div class="ProductUnit_productName__gre7e">뉴트리오코 밀크맛 웨이퍼, 360g, 1개</div>
                                    <div class="PriceArea_priceArea__NntJz" data-sentry-component="PriceArea"
                                         data-sentry-source-file="index.tsx"><span class="PriceInfo_priceInfo__VARjb"
                                                                                   data-sentry-component="PriceInfo"
                                                                                   data-sentry-source-file="PriceInfo.tsx"><span
                                            class="PriceInfo_discountRate__EsQ8I">29<!-- -->%</span><del
                                            class="PriceInfo_basePrice__8BQ32">7,800원</del></span>
                                        <div class="Price_price__tegCy" data-sentry-component="Price"
                                             data-sentry-source-file="Price.tsx">
                                            <div class="Price_salePrice__P6Mfd">
                                                <div><strong class="Price_priceValue__A4KOr">5,500원</strong></div>
                                                <div class="ImageBadge_default__JWaYp"
                                                     data-sentry-component="ImageBadge"
                                                     data-sentry-source-file="ImageBadge.tsx"><img
                                                        src="https://image6.coupangcdn.com/image/cmg/icon/ios/logo_rocket_large@3x.png"
                                                        alt="로켓배송" loading="lazy"/></div>
                                            </div>
                                            <span class="UnitPrice_unitPrice__R_ZcA" data-sentry-component="UnitPrice"
                                                  data-sentry-source-file="UnitPrice.tsx">(<!-- -->10g당 153원
                                                <!-- -->)</span></div>
                                    </div>
                                    <div class="DeliveryInfo_delivery__c7z4P" data-sentry-component="DeliveryInfo"
                                         data-sentry-source-file="index.tsx">
                                        <div><span style="color:#008C00;font-size:14px">내일(수) </span><span
                                                style="color:#008C00;font-size:14px">도착 보장</span></div>
                                    </div>
                                    <div class="ProductRating_productRating__jjf7W"
                                         data-sentry-component="ProductRating" data-sentry-source-file="index.tsx"><span
                                            class="ProductRating_rating__lMxS9"><div class="ProductRating_star__RGSlV"
                                                                                     style="width:100%">5</div></span><span
                                            class="ProductRating_ratingCount__R0Vhz">(<!-- -->2839<!-- -->)</span></div>
                                    <div class="ProductUnit_benefitBadges__IA2e1">
                                        <div class="BenefitBadge_cash-benefit__SmkrN"
                                             data-sentry-component="BenefitBadge"
                                             data-sentry-source-file="BenefitBadge.tsx">
                                            <div><img
                                                    src="https://image6.coupangcdn.com/image/badges/cashback/web/list-cash-icon@2x.png"
                                                    alt="최대 275원 적립" loading="lazy"/><span>최대 275원 적립</span></div>
                                        </div>
                                    </div>
                                </div>
                            </a></li>
                            <li class="ProductUnit_productUnit__Qd6sv" data-id="91684880130"
                                data-sentry-component="ProductItem" data-sentry-source-file="ProductItem.tsx"><a
                                    href="/vp/products/8289704722?itemId=24674708930&amp;vendorItemId=91684880130&amp;q=일본과자&amp;searchId=afc562b78792054&amp;sourceType=search&amp;itemsCount=36&amp;searchRank=71&amp;rank=71"
                                    target="_blank" data-sentry-element="AdLink" data-sentry-component="AdLink"
                                    data-sentry-source-file="index.tsx">
                                <figure class="ProductUnit_productImage__Mqcg1" data-sentry-component="ProductImage"
                                        data-sentry-source-file="ProductImage.tsx"><img alt="부르본 알포트 FS 쿠키, 1개, 161g"
                                                                                        data-sentry-element="Image"
                                                                                        data-sentry-source-file="ProductImage.tsx"
                                                                                        loading="lazy" width="230"
                                                                                        height="230" decoding="async"
                                                                                        data-nimg="1"
                                                                                        style="color:transparent"
                                                                                        src="//thumbnail6.coupangcdn.com/thumbnails/remote/320x320ex/image/retail/images/2024/12/26/11/4/a257fc5b-1844-41ae-8b3e-e051fdc2a8ed.jpg"/>
                                </figure>
                                <div class="ProductUnit_soldout___9DwS">
                                    <div class="ProductUnit_badges__eYEJC"></div>
                                    <div class="ProductUnit_productName__gre7e">부르본 알포트 FS 쿠키, 1개, 161g</div>
                                    <div class="PriceArea_priceArea__NntJz" data-sentry-component="PriceArea"
                                         data-sentry-source-file="index.tsx">
                                        <div class="Price_price__tegCy" data-sentry-component="Price"
                                             data-sentry-source-file="Price.tsx">
                                            <div class="Price_salePrice__P6Mfd">
                                                <div><strong class="Price_priceValue__A4KOr">7,980원</strong></div>
                                                <div class="ImageBadge_default__JWaYp"
                                                     data-sentry-component="ImageBadge"
                                                     data-sentry-source-file="ImageBadge.tsx"><img
                                                        src="https://image6.coupangcdn.com/image/cmg/icon/ios/logo_rocket_large@3x.png"
                                                        alt="로켓배송" loading="lazy"/></div>
                                            </div>
                                            <span class="UnitPrice_unitPrice__R_ZcA" data-sentry-component="UnitPrice"
                                                  data-sentry-source-file="UnitPrice.tsx">(<!-- -->10g당 496원
                                                <!-- -->)</span></div>
                                    </div>
                                    <div class="ProductUnit_soldoutText__5UJzM">일시품절</div>
                                    <div class="ProductRating_productRating__jjf7W"
                                         data-sentry-component="ProductRating" data-sentry-source-file="index.tsx"><span
                                            class="ProductRating_rating__lMxS9"><div class="ProductRating_star__RGSlV"
                                                                                     style="width:100%">5</div></span><span
                                            class="ProductRating_ratingCount__R0Vhz">(<!-- -->4<!-- -->)</span></div>
                                </div>
                            </a></li>
                        </ul>
                    </div>
                    <div id="srp-bottom-carousel-dco-container" style="display:none" data-sentry-element="AdWrapper"
                         data-sentry-component="AdWrapper" data-sentry-source-file="index.tsx">
                        <div class="srp-bottom-carousel-dco-container" style="position:relative"
                             data-sentry-component="DCOComponent" data-sentry-source-file="index.tsx"><a href="#"
                                                                                                         class="carousel-arrow-button prev"></a><a
                                href="#" class="carousel-arrow-button next"></a></div>
                    </div>
                    <div class="srp_paginationBar__13Q5U" data-sentry-component="PaginationBar"
                         data-sentry-source-file="PaginationBar.tsx">
                        <div class="Pagination_paginationBar__2s5PC" data-sentry-component="Pagination"
                             data-sentry-source-file="index.tsx">
                            <div class="Pagination_pagination__eHDDy"><a class="Pagination_prevBtn__Oxrca" title="이전"
                                                                         data-sentry-element="Link"
                                                                         data-sentry-component="LoadingLink"
                                                                         data-sentry-source-file="LoadingLink.tsx"
                                                                         href="https://www.coupang.com/np/search?q=%EC%9D%BC%EB%B3%B8%EA%B3%BC%EC%9E%90&amp;channel=recent"><span>이전</span></a><a
                                    class="" data-page="1" data-sentry-element="Link"
                                    data-sentry-component="LoadingLink" data-sentry-source-file="LoadingLink.tsx"
                                    href="https://www.coupang.com/np/search?q=%EC%9D%BC%EB%B3%B8%EA%B3%BC%EC%9E%90&amp;channel=recent">1</a><a
                                    class="Pagination_selected__r1eiC" data-page="2" data-sentry-element="Link"
                                    data-sentry-component="LoadingLink" data-sentry-source-file="LoadingLink.tsx"
                                    href="https://www.coupang.com/np/search?q=%EC%9D%BC%EB%B3%B8%EA%B3%BC%EC%9E%90&amp;channel=recent&amp;page=2">2</a><a
                                    class="" data-page="3" data-sentry-element="Link"
                                    data-sentry-component="LoadingLink" data-sentry-source-file="LoadingLink.tsx"
                                    href="https://www.coupang.com/np/search?q=%EC%9D%BC%EB%B3%B8%EA%B3%BC%EC%9E%90&amp;channel=recent&amp;page=3">3</a><a
                                    class="" data-page="4" data-sentry-element="Link"
                                    data-sentry-component="LoadingLink" data-sentry-source-file="LoadingLink.tsx"
                                    href="https://www.coupang.com/np/search?q=%EC%9D%BC%EB%B3%B8%EA%B3%BC%EC%9E%90&amp;channel=recent&amp;page=4">4</a><a
                                    class="" data-page="5" data-sentry-element="Link"
                                    data-sentry-component="LoadingLink" data-sentry-source-file="LoadingLink.tsx"
                                    href="https://www.coupang.com/np/search?q=%EC%9D%BC%EB%B3%B8%EA%B3%BC%EC%9E%90&amp;channel=recent&amp;page=5">5</a><a
                                    class="Pagination_nextBtn__TUY5t" title="다음" data-sentry-element="Link"
                                    data-sentry-component="LoadingLink" data-sentry-source-file="LoadingLink.tsx"
                                    href="https://www.coupang.com/np/search?q=%EC%9D%BC%EB%B3%B8%EA%B3%BC%EC%9E%90&amp;channel=recent&amp;page=3"><span>다음</span></a>
                            </div>
                        </div>
                    </div>
                </div>
            </div>
        </div>
    </div>
</section><!--$--><!--/$--><!--$--><!--/$-->
<footer id="wa-footer" data-sentry-component="Footer" data-sentry-source-file="Footer.tsx">
    <div class="footer-layer1 is-narrowed fw-flex fw-items-center fw-justify-center max-s768:fw-flex-col"
         style="justify-content:center">
        <div class="fw-flex fw-flex-wrap"><a href="https://news.coupang.com/" target="_blank">회사소개</a><a
                href="https://ir.aboutcoupang.com/English/home/" target="_blank">Investor Relations</a><a
                href="https://rocketyourcareer.kr.coupang.com" target="_blank">인재채용</a><a
                href="https://marketplace.coupangcorp.com/s/?utm_source=button_pc&amp;utm_medium=non_paid&amp;utm_campaign=onsite_ca&amp;utm_id=coupang_app?inflow=WEB_FOOTER_B">입점
            / 제휴문의</a><a href="https://mc.coupang.com/ssr/desktop/contact/notice"> <!-- -->공지사항</a><a
                href="https://mc.coupang.com/ssr/desktop/contact/voc"> <!-- -->고객의 소리</a><a
                href="https://www.coupang.com/np/policies/terms"> <!-- -->이용약관</a><a
                href="https://privacy.coupang.com/ko/center/coupang"> 개인정보 처리방침</a><a
                href="https://rocketpay.coupang.com/rocketpay/operationTerms/coupangPcFooter">쿠팡페이 이용약관</a><a
                href="https://www.coupang.com/np/safety"> <!-- -->신뢰관리센터</a><a href="https://partners.coupang.com/"
                                                                               target="_blank">제휴마케팅</a><a
                href="https://ads.coupang.com" target="_blank">광고안내</a></div>
        <div class="fw-inline-block max-s768:fw-mx-[16px] max-s768:fw-mt-[15px] max-s768:fw-block max-s768:fw-w-full">
            <div id="site-picker" class="site-picker fw-w-[180px] max-s768:fw-w-auto"><span id="site-picker-select"
                                                                                            class="site-picker-label fw-w-full"><p>Global Site</p> <span
                    class="site-picker__arrow"></span></span>
                <ul style="z-index:9999">
                    <li><a href="https://www.tw.coupang.com">Coupang Taiwan 酷澎台灣</a></li>
                </ul>
            </div>
        </div>
    </div>
    <div class="footer-layer2 fw-flex fw-max-w-[768px] fw-justify-between fw-p-[16px] max-s768:fw-flex-col max-s768:fw-gap-[32px] max-s768:fw-px-[15px]">
        <address class="fw-flex fw-gap-[24px] max-s768:fw-flex-col"><a class="logo fw-opacity-50"
                                                                       href="https://www.coupang.com/"
                                                                       title="COUPANG"><img
                src="https://front.coupangcdn.com/front-web-next/_next/static/media/logo.f2c4ccb2.png" alt=""
                loading="lazy"/></a>
            <div>상호명 및 호스팅 서비스 제공 : 쿠팡(주) <br data-sentry-component="br" data-sentry-source-file="formatter.tsx"/> 대표이사
                : 강한승,박대준 <br data-sentry-component="br" data-sentry-source-file="formatter.tsx"/> 서울시 송파구 송파대로 570 <br
                        data-sentry-component="br" data-sentry-source-file="formatter.tsx"/> 사업자 등록번호 : 120-88-00767 <br
                        data-sentry-component="br" data-sentry-source-file="formatter.tsx"/> 통신판매업신고 : 2017-서울송파-0680
                <br data-sentry-component="br" data-sentry-source-file="formatter.tsx"/><a
                        href="http://www.ftc.go.kr/info/bizinfo/communicationViewPopup.jsp?wrkr_no=1208800767"
                        target="_blank" class="licensee">사업자정보 확인 &gt;</a></div>
        </address>
        <div class="contact-info"><a href="https://mc.coupang.com/ssr/desktop/contact/inquiry" class="call-center">
            <strong data-sentry-component="strong" data-sentry-source-file="formatter.tsx">365고객센터</strong> |
            전자금융거래분쟁처리담당 <br data-sentry-component="br" data-sentry-source-file="formatter.tsx"/> <em
                data-sentry-component="em" data-sentry-source-file="formatter.tsx">1577-7011 (유료)</em> 서울시 송파구 송파대로 570
            <br data-sentry-component="br" data-sentry-source-file="formatter.tsx"/> <span class="contact-fax"
                                                                                           data-sentry-component="fax"
                                                                                           data-sentry-source-file="formatter.tsx">email : help@coupang.com</span></a>
        </div>
        <p class="safe-service"><strong data-sentry-component="strong" data-sentry-source-file="formatter.tsx">채무지급보증
            안내</strong> <br data-sentry-component="br" data-sentry-source-file="formatter.tsx"/> <span
                data-sentry-component="span" data-sentry-source-file="formatter.tsx">              당사는 고객님이 현금 결제한 금액에 대해              <br
                data-sentry-component="br" data-sentry-source-file="formatter.tsx"/> 채무지급보증 계약을 체결하여              <br
                data-sentry-component="br" data-sentry-source-file="formatter.tsx"/> 안전거래를 보장하고 있습니다.              <br
                data-sentry-component="br" data-sentry-source-file="formatter.tsx"/>            </span><a
                id="serviceCheck" class="service-check fw-cursor-pointer">서비스 가입사실 확인 &gt;</a></p></div>
    <div class="fw-mx-auto fw-mb-[20px] fw-mt-[15px] fw-hidden fw-border-b-[1px] fw-border-b-[#ddd] s768:fw-block s1500:fw-max-w-[968px]"></div>
    <div class="fw-mx-auto fw-mb-[16px] fw-grid fw-max-w-[968px] fw-grid-cols-1 fw-items-center fw-justify-between fw-gap-[8px] fw-px-[14px] fw-text-[11px] fw-text-[#768695] s500:fw-grid-cols-2 s768:fw-grid-cols-3 s1024:fw-flex">
        <div>
            <div class="fw-flex fw-items-center"><img alt="" loading="lazy"
                                                      src="https://front.coupangcdn.com/front-web-next/_next/static/media/1.bb473be6.png"
                                                      width="36" height="36"/>
                <div>[인증 범위] 쿠팡 서비스 <br data-sentry-component="br" data-sentry-source-file="formatter.tsx"/> [유효 기간]
                    2024.03.03 - 2027.03.02
                </div>
            </div>
        </div>
        <div>
            <div class="fw-flex fw-items-center"><img alt="" loading="lazy"
                                                      src="https://front.coupangcdn.com/front-web-next/_next/static/media/2.e9b28c7d.png"
                                                      width="36" height="36"/>
                <div>[인증 범위] 쿠팡 10개 서비스 <br data-sentry-component="br" data-sentry-source-file="formatter.tsx"/> [유효 기간]
                    2024.08.05 - 2025.08.04
                </div>
            </div>
        </div>
        <div>
            <div class="fw-flex fw-items-center"><img alt="" loading="lazy"
                                                      src="https://front.coupangcdn.com/front-web-next/_next/static/media/3.c5eaeb67.png"
                                                      width="36" height="36"/>
                <div>ISO/IEC 27001/27701/27017 인증획득 <br data-sentry-component="br"
                                                        data-sentry-source-file="formatter.tsx"/> 정보보호 및 개인정보보호 국제 표전 검증
                </div>
            </div>
        </div>
        <div>
            <div class="fw-flex fw-items-center"><img alt="" loading="lazy"
                                                      src="https://front.coupangcdn.com/front-web-next/_next/static/media/4.b69d9f83.png"
                                                      width="36" height="36"/>
                <div>개인정보보호우수사이트 <br data-sentry-component="br" data-sentry-source-file="formatter.tsx"/> ePRIVACY인증획득
                </div>
            </div>
        </div>
        <div><img alt="" loading="lazy"
                  src="https://front.coupangcdn.com/front-web-next/_next/static/media/5.73affd35.png" width="89"
                  height="36"/></div>
        <div><img alt="" loading="lazy"
                  src="https://front.coupangcdn.com/front-web-next/_next/static/media/6.901d77a5.png" width="55"
                  height="36"/></div>
    </div>
    <div class="footer-layer4">
        <div class="coupang-copyright fw-mx-auto fw-flex fw-max-w-[968px] fw-items-center fw-justify-between fw-gap-[20px] max-s768:fw-flex-col max-s768:fw-items-start max-s768:fw-gap-[10px]">
            <p class="info">사이버몰 내 판매되는 상품 중에는 쿠팡에 등록한 개별 판매자가 판매하는 마켓플레이스(오픈마켓) 상품이 포함되어 있습니다. <br
                    data-sentry-component="br" data-sentry-source-file="formatter.tsx"/> 마켓플레이스(오픈마켓) 상품의 경우 쿠팡은
                통신판매중개자이며 통신판매의 당사자가 아닙니다. <br data-sentry-component="br" data-sentry-source-file="formatter.tsx"/> 쿠팡은
                마켓플레이스(오픈마켓) 상품, 거래정보 및 거래 등에 대하여 책임을 지지 않습니다. <br data-sentry-component="br"
                                                                   data-sentry-source-file="formatter.tsx"/> 쿠팡은 소비자 보호와
                안전거래를 위해 신뢰관리센터(CM112@coupang.com)를 운영하고 있으며, 관련 분쟁이 발생할 경우 별도의 분쟁 처리절차에 의거 분쟁이 처리됩니다. <br
                        data-sentry-component="br" data-sentry-source-file="formatter.tsx"/> Copyright © Coupang Corp.
                2010-2025 All Rights Reserved.</p>
            <ul class="sns-link fw-flex">
                <li><a href="https://www.facebook.com/Coupang.korea" target="_blank" class="facebook"><img
                        loading="lazy"
                        src="https://front.coupangcdn.com/front-web-next/_next/static/media/f.34bde318.png" alt=""
                        width="30" height="30"/></a></li>
                <li><a href="https://news.coupang.com/" target="_blank" class="blog"><img loading="lazy"
                                                                                          src="https://front.coupangcdn.com/front-web-next/_next/static/media/b.637cda1c.png"
                                                                                          class="fw-rounded-full" alt=""
                                                                                          width="30" height="30"/></a>
                </li>
                <li><a href="https://www.instagram.com/coupang" target="_blank" class="instagram"><img
                        src="https://front.coupangcdn.com/front-web-next/_next/static/media/s.a7aca4ea.png" alt=""
                        loading="lazy" class="fw-rounded-full fw-bg-white" width="30" height="30"/></a></li>
            </ul>
        </div>
    </div>
</footer>
<script src="https://front.coupangcdn.com/front-web-next/_next/static/chunks/webpack-72d22a075d386046.js" crossorigin=""
        async=""></script>
<script>(self.__next_f = self.__next_f || []).push([0])</script>
<script>self.__next_f.push([1, "1:\"$Sreact.fragment\"\n2:I[78023,[],\"\"]\n3:I[43195,[],\"\"]\n7:I[54901,[],\"MetadataBoundary\"]\n9:I[54901,[],\"OutletBoundary\"]\nc:I[4899,[],\"AsyncMetadataOutlet\"]\ne:I[54901,[],\"ViewportBoundary\"]\n10:I[50014,[\"4219\",\"static/chunks/app/global-error-39dc5d6183b6376f.js\"],\"default\"]\n11:\"$Sreact.suspense\"\n12:I[4899,[],\"AsyncMetadata\"]\n14:I[5436,[\"4345\",\"static/chunks/app/not-found-341120c469981776.js\"],\"GlobalError404\"]\n:HL[\"https://front.coupangcdn.com/front-web-next/_next/static/css/14f9741e45918431.css\",\"style\",{\"crossOrigin\":\"\"}]\n:HL[\"https://front.coupangcdn.com/front-web-next/_next/static/css/1c5623016ac5cc12.css\",\"style\",{\"crossOrigin\":\"\"}]\n:HL[\"https://front.coupangcdn.com/front-web-next/_next/static/css/7b6ca234eb123eeb.css\",\"style\",{\"crossOrigin\":\"\"}]\n:HL[\"https://front.coupangcdn.com/front-web-next/_next/static/css/e9b99e404963ba82.css\",\"style\",{\"crossOrigin\":\"\"}]\n:HL[\"https://front.coupangcdn.com/front-web-next/_next/static/css/c78d9907aeec2bbb.css\",\"style\",{\"crossOrigin\":\"\"}]\n:HL[\"https://front.coupangcdn.com/front-web-next/_next/static/css/753fd7a723bb9ca8.css\",\"style\",{\"crossOrigin\":\"\"}]\n:HL[\"https://front.coupangcdn.com/front-web-next/_next/static/css/9d73833fff1926a1.css\",\"style\",{\"crossOrigin\":\"\"}]\n:HL[\"https://front.coupangcdn.com/front-web-next/_next/static/css/959e7af52bc45220.css\",\"style\",{\"crossOrigin\":\"\"}]\n:HL[\"https://front.coupangcdn.com/front-web-next/_next/static/css/753b4d1380d3a399.css\",\"style\",{\"crossOrigin\":\"\"}]\n:HL[\"https://front.coupangcdn.com/front-web-next/_next/static/css/ff09fedfd6921010.css\",\"style\",{\"crossOrigin\":\"\"}]\n:HL[\"https://front.coupangcdn.com/front-web-next/_next/static/css/2cfcdc254e2e12a7.css\",\"style\",{\"crossOrigin\":\"\"}]\n:HL[\"https://front.coupangcdn.com/front-web-next/_next/static/css/bbe52ccec0951673.css\",\"style\",{\"crossOrigin\":\"\"}]\n:HL[\"https://front.coupangcdn.com/front-web-next/_next/static/css/5ab6b9095c10db53.css\",\"style\",{\"crossOrigin\":\"\"}]\n:HL[\"https://front.coupangcdn.com/front-web-next/_next/static/css/003fc3934bb55539.css\",\"style\",{\"crossOrigin\":\"\"}]\n:HL[\"https://f"])</script>
<script>self.__next_f.push([1, "ront.coupangcdn.com/front-web-next/_next/static/css/0f303551d227fb69.css\",\"style\",{\"crossOrigin\":\"\"}]\n"])</script>
<script>self.__next_f.push([1, "0:{\"P\":null,\"b\":\"1p26kIMw5Zm6mvwHf4uLv\",\"p\":\"https://front.coupangcdn.com/front-web-next\",\"c\":[\"\",\"np\",\"search?q=%EC%9D%BC%EB%B3%B8%EA%B3%BC%EC%9E%90\u0026channel=recent\u0026page=2\"],\"i\":false,\"f\":[[[\"\",{\"children\":[\"srp\",{\"children\":[\"__PAGE__?{\\\"q\\\":\\\"일본과자\\\",\\\"channel\\\":\\\"recent\\\",\\\"page\\\":\\\"2\\\"}\",{}]}]},\"$undefined\",\"$undefined\",true],[\"\",[\"$\",\"$1\",\"c\",{\"children\":[[[\"$\",\"link\",\"0\",{\"rel\":\"stylesheet\",\"href\":\"https://front.coupangcdn.com/front-web-next/_next/static/css/14f9741e45918431.css\",\"precedence\":\"next\",\"crossOrigin\":\"anonymous\",\"nonce\":\"$undefined\"}]],[\"$\",\"$L2\",null,{\"parallelRouterKey\":\"children\",\"error\":\"$undefined\",\"errorStyles\":\"$undefined\",\"errorScripts\":\"$undefined\",\"template\":[\"$\",\"$L3\",null,{}],\"templateStyles\":\"$undefined\",\"templateScripts\":\"$undefined\",\"notFound\":[\"$L4\",[]],\"forbidden\":\"$undefined\",\"unauthorized\":\"$undefined\"}]]}],{\"children\":[\"srp\",[\"$\",\"$1\",\"c\",{\"children\":[[[\"$\",\"link\",\"0\",{\"rel\":\"stylesheet\",\"href\":\"https://front.coupangcdn.com/front-web-next/_next/static/css/1c5623016ac5cc12.css\",\"precedence\":\"next\",\"crossOrigin\":\"anonymous\",\"nonce\":\"$undefined\"}],[\"$\",\"link\",\"1\",{\"rel\":\"stylesheet\",\"href\":\"https://front.coupangcdn.com/front-web-next/_next/static/css/7b6ca234eb123eeb.css\",\"precedence\":\"next\",\"crossOrigin\":\"anonymous\",\"nonce\":\"$undefined\"}],[\"$\",\"link\",\"2\",{\"rel\":\"stylesheet\",\"href\":\"https://front.coupangcdn.com/front-web-next/_next/static/css/e9b99e404963ba82.css\",\"precedence\":\"next\",\"crossOrigin\":\"anonymous\",\"nonce\":\"$undefined\"}],[\"$\",\"link\",\"3\",{\"rel\":\"stylesheet\",\"href\":\"https://front.coupangcdn.com/front-web-next/_next/static/css/c78d9907aeec2bbb.css\",\"precedence\":\"next\",\"crossOrigin\":\"anonymous\",\"nonce\":\"$undefined\"}]],\"$L5\"]}],{\"children\":[\"__PAGE__\",[\"$\",\"$1\",\"c\",{\"children\":[\"$L6\",[\"$\",\"$L7\",null,{\"children\":\"$L8\"}],[[\"$\",\"link\",\"0\",{\"rel\":\"stylesheet\",\"href\":\"https://front.coupangcdn.com/front-web-next/_next/static/css/753fd7a723bb9ca8.css\",\"precedence\":\"next\",\"crossOrigin\":\"anonymous\",\"nonce\":\"$undefined\"}],[\"$\",\"link\",\"1\",{\"rel\":\"stylesheet\",\"href\":\"https://front.coupangcdn.com/front-web-next/_next/static/css/9d73833fff1926a1.css\",\"precedence\":\"next\",\"crossOrigin\":\"anonymous\",\"nonce\":\"$undefined\"}],[\"$\",\"link\",\"2\",{\"rel\":\"stylesheet\",\"href\":\"https://front.coupangcdn.com/front-web-next/_next/static/css/959e7af52bc45220.css\",\"precedence\":\"next\",\"crossOrigin\":\"anonymous\",\"nonce\":\"$undefined\"}],[\"$\",\"link\",\"3\",{\"rel\":\"stylesheet\",\"href\":\"https://front.coupangcdn.com/front-web-next/_next/static/css/753b4d1380d3a399.css\",\"precedence\":\"next\",\"crossOrigin\":\"anonymous\",\"nonce\":\"$undefined\"}],[\"$\",\"link\",\"4\",{\"rel\":\"stylesheet\",\"href\":\"https://front.coupangcdn.com/front-web-next/_next/static/css/ff09fedfd6921010.css\",\"precedence\":\"next\",\"crossOrigin\":\"anonymous\",\"nonce\":\"$undefined\"}],[\"$\",\"link\",\"5\",{\"rel\":\"stylesheet\",\"href\":\"https://front.coupangcdn.com/front-web-next/_next/static/css/2cfcdc254e2e12a7.css\",\"precedence\":\"next\",\"crossOrigin\":\"anonymous\",\"nonce\":\"$undefined\"}],[\"$\",\"link\",\"6\",{\"rel\":\"stylesheet\",\"href\":\"https://front.coupangcdn.com/front-web-next/_next/static/css/bbe52ccec0951673.css\",\"precedence\":\"next\",\"crossOrigin\":\"anonymous\",\"nonce\":\"$undefined\"}],[\"$\",\"link\",\"7\",{\"rel\":\"stylesheet\",\"href\":\"https://front.coupangcdn.com/front-web-next/_next/static/css/5ab6b9095c10db53.css\",\"precedence\":\"next\",\"crossOrigin\":\"anonymous\",\"nonce\":\"$undefined\"}],[\"$\",\"link\",\"8\",{\"rel\":\"stylesheet\",\"href\":\"https://front.coupangcdn.com/front-web-next/_next/static/css/003fc3934bb55539.css\",\"precedence\":\"next\",\"crossOrigin\":\"anonymous\",\"nonce\":\"$undefined\"}],[\"$\",\"link\",\"9\",{\"rel\":\"stylesheet\",\"href\":\"https://front.coupangcdn.com/front-web-next/_next/static/css/0f303551d227fb69.css\",\"precedence\":\"next\",\"crossOrigin\":\"anonymous\",\"nonce\":\"$undefined\"}]],[\"$\",\"$L9\",null,{\"children\":[\"$La\",\"$Lb\",[\"$\",\"$Lc\",null,{\"promise\":\"$@d\"}]]}]]}],{},null,false]},null,false]},null,false],[\"$\",\"$1\",\"h\",{\"children\":[null,[\"$\",\"$1\",\"7gvonfFnrs1UP6sSvtj62\",{\"children\":[[\"$\",\"$Le\",null,{\"children\":\"$Lf\"}],null]}],null]}],false]],\"m\":\"$undefined\",\"G\":[\"$10\",[]],\"s\":false,\"S\":false}\n"])</script>
<script>self.__next_f.push([1, "8:[\"$\",\"$11\",null,{\"fallback\":null,\"children\":[\"$\",\"$L12\",null,{\"promise\":\"$@13\"}]}]\nb:null\n4:[\"$\",\"$L14\",null,{\"locale\":\"ko-KR\",\"data-sentry-element\":\"GlobalError404\",\"data-sentry-component\":\"NotFound\",\"data-sentry-source-file\":\"not-found.tsx\"}]\nf:[[\"$\",\"meta\",\"0\",{\"charSet\":\"utf-8\"}],[\"$\",\"meta\",\"1\",{\"name\":\"viewport\",\"content\":\"width=device-width, initial-scale=1\"}]]\na:null\n13:{\"metadata\":[],\"error\":null,\"digest\":\"$undefined\"}\nd:{\"metadata\":\"$13:metadata\",\"error\":null,\"digest\":\"$undefined\"}\n"])</script>
<script>self.__next_f.push([1, "6:[\"$undefined\",[\"$\",\"$1\",\"main\",{\"children\":\"$@15\"}]]\n5:[\"$undefined\",[\"$\",\"$1\",\"main\",{\"children\":\"$@16\"}]]\n"])</script>
<script>self.__next_f.push([1, "17:I[65427,[\"6619\",\"static/chunks/6619-920abe7360f7cb6c.js\",\"1089\",\"static/chunks/1089-226532151aa889b2.js\",\"9870\",\"static/chunks/9870-1886363675d58e6c.js\",\"7320\",\"static/chunks/7320-7a217574796b76f7.js\",\"5687\",\"static/chunks/5687-efba6045ee486495.js\",\"4518\",\"static/chunks/4518-b8cdcf69b4d7edb2.js\",\"6309\",\"static/chunks/6309-03709609ac40908b.js\",\"3886\",\"static/chunks/app/srp/page-ccd871b7430fc9fa.js\"],\"default\"]\n18:I[21927,[\"6619\",\"static/chunks/6619-920abe7360f7cb6c.js\",\"1089\",\"static/chunks/1089-226532151aa889b2.js\",\"9870\",\"static/chunks/9870-1886363675d58e6c.js\",\"7320\",\"static/chunks/7320-7a217574796b76f7.js\",\"5687\",\"static/chunks/5687-efba6045ee486495.js\",\"4518\",\"static/chunks/4518-b8cdcf69b4d7edb2.js\",\"6309\",\"static/chunks/6309-03709609ac40908b.js\",\"3886\",\"static/chunks/app/srp/page-ccd871b7430fc9fa.js\"],\"default\"]\n19:I[51286,[\"6619\",\"static/chunks/6619-920abe7360f7cb6c.js\",\"1089\",\"static/chunks/1089-226532151aa889b2.js\",\"9870\",\"static/chunks/9870-1886363675d58e6c.js\",\"7320\",\"static/chunks/7320-7a217574796b76f7.js\",\"5687\",\"static/chunks/5687-efba6045ee486495.js\",\"4518\",\"static/chunks/4518-b8cdcf69b4d7edb2.js\",\"6309\",\"static/chunks/6309-03709609ac40908b.js\",\"3886\",\"static/chunks/app/srp/page-ccd871b7430fc9fa.js\"],\"default\"]\n1a:I[88626,[\"6619\",\"static/chunks/6619-920abe7360f7cb6c.js\",\"1089\",\"static/chunks/1089-226532151aa889b2.js\",\"9870\",\"static/chunks/9870-1886363675d58e6c.js\",\"7320\",\"static/chunks/7320-7a217574796b76f7.js\",\"5687\",\"static/chunks/5687-efba6045ee486495.js\",\"4518\",\"static/chunks/4518-b8cdcf69b4d7edb2.js\",\"6309\",\"static/chunks/6309-03709609ac40908b.js\",\"3886\",\"static/chunks/app/srp/page-ccd871b7430fc9fa.js\"],\"default\"]\n1b:I[64260,[\"6619\",\"static/chunks/6619-920abe7360f7cb6c.js\",\"1089\",\"static/chunks/1089-226532151aa889b2.js\",\"9870\",\"static/chunks/9870-1886363675d58e6c.js\",\"7320\",\"static/chunks/7320-7a217574796b76f7.js\",\"5687\",\"static/chunks/5687-efba6045ee486495.js\",\"4518\",\"static/chunks/4518-b8cdcf69b4d7edb2.js\",\"6309\",\"static/chunks/6309-03709609ac40908b.js\",\"3886\",\"static/chunks/app/srp/page-c"])</script>
<script>self.__next_f.push([1, "cd871b7430fc9fa.js\"],\"default\"]\n1c:I[68957,[\"6619\",\"static/chunks/6619-920abe7360f7cb6c.js\",\"1089\",\"static/chunks/1089-226532151aa889b2.js\",\"9870\",\"static/chunks/9870-1886363675d58e6c.js\",\"7320\",\"static/chunks/7320-7a217574796b76f7.js\",\"5687\",\"static/chunks/5687-efba6045ee486495.js\",\"4518\",\"static/chunks/4518-b8cdcf69b4d7edb2.js\",\"6309\",\"static/chunks/6309-03709609ac40908b.js\",\"3886\",\"static/chunks/app/srp/page-ccd871b7430fc9fa.js\"],\"default\"]\n1d:I[10282,[\"6619\",\"static/chunks/6619-920abe7360f7cb6c.js\",\"1089\",\"static/chunks/1089-226532151aa889b2.js\",\"9870\",\"static/chunks/9870-1886363675d58e6c.js\",\"7320\",\"static/chunks/7320-7a217574796b76f7.js\",\"5687\",\"static/chunks/5687-efba6045ee486495.js\",\"4518\",\"static/chunks/4518-b8cdcf69b4d7edb2.js\",\"6309\",\"static/chunks/6309-03709609ac40908b.js\",\"3886\",\"static/chunks/app/srp/page-ccd871b7430fc9fa.js\"],\"default\"]\n1e:I[63908,[\"6619\",\"static/chunks/6619-920abe7360f7cb6c.js\",\"1089\",\"static/chunks/1089-226532151aa889b2.js\",\"9870\",\"static/chunks/9870-1886363675d58e6c.js\",\"7320\",\"static/chunks/7320-7a217574796b76f7.js\",\"5687\",\"static/chunks/5687-efba6045ee486495.js\",\"4518\",\"static/chunks/4518-b8cdcf69b4d7edb2.js\",\"6309\",\"static/chunks/6309-03709609ac40908b.js\",\"3886\",\"static/chunks/app/srp/page-ccd871b7430fc9fa.js\"],\"default\"]\n1f:I[35472,[\"6619\",\"static/chunks/6619-920abe7360f7cb6c.js\",\"1089\",\"static/chunks/1089-226532151aa889b2.js\",\"9870\",\"static/chunks/9870-1886363675d58e6c.js\",\"7320\",\"static/chunks/7320-7a217574796b76f7.js\",\"5687\",\"static/chunks/5687-efba6045ee486495.js\",\"4518\",\"static/chunks/4518-b8cdcf69b4d7edb2.js\",\"6309\",\"static/chunks/6309-03709609ac40908b.js\",\"3886\",\"static/chunks/app/srp/page-ccd871b7430fc9fa.js\"],\"default\"]\n20:I[6266,[\"6619\",\"static/chunks/6619-920abe7360f7cb6c.js\",\"1089\",\"static/chunks/1089-226532151aa889b2.js\",\"9870\",\"static/chunks/9870-1886363675d58e6c.js\",\"7320\",\"static/chunks/7320-7a217574796b76f7.js\",\"5687\",\"static/chunks/5687-efba6045ee486495.js\",\"4518\",\"static/chunks/4518-b8cdcf69b4d7edb2.js\",\"6309\",\"static/chunks/6309-03709609ac40908b.js\",\"3886"])</script>
<script>self.__next_f.push([1, "\",\"static/chunks/app/srp/page-ccd871b7430fc9fa.js\"],\"default\"]\n21:I[91971,[\"6619\",\"static/chunks/6619-920abe7360f7cb6c.js\",\"1089\",\"static/chunks/1089-226532151aa889b2.js\",\"9870\",\"static/chunks/9870-1886363675d58e6c.js\",\"7320\",\"static/chunks/7320-7a217574796b76f7.js\",\"5687\",\"static/chunks/5687-efba6045ee486495.js\",\"4518\",\"static/chunks/4518-b8cdcf69b4d7edb2.js\",\"6309\",\"static/chunks/6309-03709609ac40908b.js\",\"3886\",\"static/chunks/app/srp/page-ccd871b7430fc9fa.js\"],\"default\"]\n22:I[39444,[\"6619\",\"static/chunks/6619-920abe7360f7cb6c.js\",\"1089\",\"static/chunks/1089-226532151aa889b2.js\",\"9870\",\"static/chunks/9870-1886363675d58e6c.js\",\"7320\",\"static/chunks/7320-7a217574796b76f7.js\",\"5687\",\"static/chunks/5687-efba6045ee486495.js\",\"4518\",\"static/chunks/4518-b8cdcf69b4d7edb2.js\",\"6309\",\"static/chunks/6309-03709609ac40908b.js\",\"3886\",\"static/chunks/app/srp/page-ccd871b7430fc9fa.js\"],\"default\"]\n23:I[17186,[\"6619\",\"static/chunks/6619-920abe7360f7cb6c.js\",\"1089\",\"static/chunks/1089-226532151aa889b2.js\",\"9870\",\"static/chunks/9870-1886363675d58e6c.js\",\"7320\",\"static/chunks/7320-7a217574796b76f7.js\",\"5687\",\"static/chunks/5687-efba6045ee486495.js\",\"4518\",\"static/chunks/4518-b8cdcf69b4d7edb2.js\",\"6309\",\"static/chunks/6309-03709609ac40908b.js\",\"3886\",\"static/chunks/app/srp/page-ccd871b7430fc9fa.js\"],\"default\"]\n24:I[59480,[\"6619\",\"static/chunks/6619-920abe7360f7cb6c.js\",\"1089\",\"static/chunks/1089-226532151aa889b2.js\",\"9870\",\"static/chunks/9870-1886363675d58e6c.js\",\"7320\",\"static/chunks/7320-7a217574796b76f7.js\",\"5687\",\"static/chunks/5687-efba6045ee486495.js\",\"4518\",\"static/chunks/4518-b8cdcf69b4d7edb2.js\",\"6309\",\"static/chunks/6309-03709609ac40908b.js\",\"3886\",\"static/chunks/app/srp/page-ccd871b7430fc9fa.js\"],\"default\"]\n25:I[40683,[\"6619\",\"static/chunks/6619-920abe7360f7cb6c.js\",\"1089\",\"static/chunks/1089-226532151aa889b2.js\",\"9870\",\"static/chunks/9870-1886363675d58e6c.js\",\"7320\",\"static/chunks/7320-7a217574796b76f7.js\",\"5687\",\"static/chunks/5687-efba6045ee486495.js\",\"4518\",\"static/chunks/4518-b8cdcf69b4d7edb2.js\",\"6309\",\"static/chunks"])</script>
<script>self.__next_f.push([1, "/6309-03709609ac40908b.js\",\"3886\",\"static/chunks/app/srp/page-ccd871b7430fc9fa.js\"],\"default\"]\n26:I[57898,[\"6619\",\"static/chunks/6619-920abe7360f7cb6c.js\",\"1089\",\"static/chunks/1089-226532151aa889b2.js\",\"9870\",\"static/chunks/9870-1886363675d58e6c.js\",\"7320\",\"static/chunks/7320-7a217574796b76f7.js\",\"5687\",\"static/chunks/5687-efba6045ee486495.js\",\"4518\",\"static/chunks/4518-b8cdcf69b4d7edb2.js\",\"6309\",\"static/chunks/6309-03709609ac40908b.js\",\"3886\",\"static/chunks/app/srp/page-ccd871b7430fc9fa.js\"],\"default\"]\n27:I[1255,[\"6619\",\"static/chunks/6619-920abe7360f7cb6c.js\",\"1089\",\"static/chunks/1089-226532151aa889b2.js\",\"9870\",\"static/chunks/9870-1886363675d58e6c.js\",\"7320\",\"static/chunks/7320-7a217574796b76f7.js\",\"5687\",\"static/chunks/5687-efba6045ee486495.js\",\"4518\",\"static/chunks/4518-b8cdcf69b4d7edb2.js\",\"6309\",\"static/chunks/6309-03709609ac40908b.js\",\"3886\",\"static/chunks/app/srp/page-ccd871b7430fc9fa.js\"],\"AutoRedirection\"]\n28:I[82474,[\"6619\",\"static/chunks/6619-920abe7360f7cb6c.js\",\"1089\",\"static/chunks/1089-226532151aa889b2.js\",\"9870\",\"static/chunks/9870-1886363675d58e6c.js\",\"7320\",\"static/chunks/7320-7a217574796b76f7.js\",\"5687\",\"static/chunks/5687-efba6045ee486495.js\",\"4518\",\"static/chunks/4518-b8cdcf69b4d7edb2.js\",\"6309\",\"static/chunks/6309-03709609ac40908b.js\",\"3886\",\"static/chunks/app/srp/page-ccd871b7430fc9fa.js\"],\"GA4SearchItem\"]\n"])</script>
<script>self.__next_f.push([1, "15:[[[\"$\",\"section\",null,{\"id\":\"contents\",\"className\":\"fw-w-full max-[600px]:fw-overflow-hidden\",\"children\":[[\"$\",\"$L17\",null,{\"data\":[],\"isExtended\":false,\"extendedKeyword\":\"\",\"q\":\"일본과자\",\"data-sentry-element\":\"Breadcrumb\",\"data-sentry-source-file\":\"index.tsx\"}],[\"$\",\"div\",null,{\"className\":\"srp_pageContainer__CQGUY\",\"children\":[[\"$\",\"div\",null,{\"className\":\"fw-mx-auto fw-mb-[30px] fw-box-border fw-flex fw-w-full fw-max-w-[1300px] fw-gap-[20px] fw-bg-[#fff]\",\"children\":[[\"$\",\"div\",null,{\"className\":\"fw-relative fw-hidden fw-flex-col fw-flex-wrap fw-justify-between s600:fw-flex s600:fw-w-[200px]\",\"children\":[[\"$\",\"$L18\",null,{\"params\":{},\"data\":{\"deliveryChargeTypeFilters\":[{\"id\":\"0\",\"value\":\"rocket_luxury,rocket,coupang_global\",\"name\":\"rocket_all\",\"selected\":false,\"image\":\"https://image9.coupangcdn.com/image/badges/falcon/v1/web/rocket-all@2x.png\",\"description\":null,\"disabled\":false,\"children\":[{\"id\":\"1\",\"value\":\"rocket_luxury\",\"name\":\"ROCKET_LUXURY\",\"selected\":false,\"image\":\"https://image10.coupangcdn.com/image/coupang/rds/logo/iphone_2x/rds_logo_rlux_light_101719300269126@2x.png\",\"description\":\"만 보기\",\"disabled\":true,\"children\":[]},{\"id\":\"3\",\"value\":\"rocket\",\"name\":\"ROCKET\",\"selected\":false,\"image\":\"https://image10.coupangcdn.com/image/badges/falcon/v1/web/txt_rocket@2x.png\",\"description\":\"만 보기\",\"disabled\":false,\"children\":[]},{\"id\":\"4\",\"value\":\"coupang_global\",\"name\":\"COUPANG_GLOBAL\",\"selected\":false,\"image\":\"https://image10.coupangcdn.com/image/badges/falcon/v1/web/txt_jikgu@2x.png\",\"description\":\"만 보기\",\"disabled\":false,\"children\":[]}]},{\"id\":\"3\",\"value\":\"top_brand\",\"name\":\"TOP_BRAND\",\"selected\":false,\"image\":\"https://image6.coupangcdn.com/image/badges/top_brand/c-avenue.svg\",\"description\":null,\"disabled\":false,\"children\":[]},{\"id\":\"5\",\"value\":\"free\",\"name\":\"FREE\",\"selected\":false,\"image\":null,\"description\":null,\"disabled\":false,\"children\":[]}],\"priceRangeFilters\":[{\"id\":\"all\",\"text\":\"가격 전체\",\"minPrice\":null,\"maxPrice\":null},{\"id\":\"0-5000\",\"text\":\"5천원 이하\",\"minPrice\":0,\"maxPrice\":5000},{\"id\":\"5000-10000\",\"text\":\"5천원~1만원\",\"minPrice\":5000,\"maxPrice\":10000},{\"id\":\"10000-15000\",\"text\":\"1만원~1만 5천원\",\"minPrice\":10000,\"maxPrice\":15000},{\"id\":\"15000-20000\",\"text\":\"1만 5천원~2만원\",\"minPrice\":15000,\"maxPrice\":20000},{\"id\":\"20000-2147483647\",\"text\":\"2만원 이상\",\"minPrice\":20000,\"maxPrice\":2147483647}],\"ratingFilters\":[{\"id\":\"12\",\"value\":\"0\",\"name\":\"전체\"},{\"id\":\"13\",\"value\":\"4\",\"name\":\"4점 이상\"},{\"id\":\"14\",\"value\":\"3\",\"name\":\"3점 이상\"},{\"id\":\"15\",\"value\":\"2\",\"name\":\"2점 이상\"},{\"id\":\"16\",\"value\":\"1\",\"name\":\"1점 이상\"}],\"brands\":[{\"id\":\"13027\",\"value\":\"13027\",\"name\":\"덴로쿠\"},{\"id\":\"17935\",\"value\":\"17935\",\"name\":\"랑그리\"},{\"id\":\"12350\",\"value\":\"12350\",\"name\":\"부르본\"},{\"id\":\"12998\",\"value\":\"12998\",\"name\":\"훈와리메이진\"},{\"id\":\"90089\",\"value\":\"90089\",\"name\":\"Izumiya\"},{\"id\":\"11493\",\"value\":\"11493\",\"name\":\"스낵하우스\"},{\"id\":\"11934\",\"value\":\"11934\",\"name\":\"카메다\"},{\"id\":\"16013\",\"value\":\"16013\",\"name\":\"사토\"},{\"id\":\"92545\",\"value\":\"92545\",\"name\":\"타마고보로\"},{\"id\":\"14116\",\"value\":\"14116\",\"name\":\"우마이봉\"},{\"id\":\"46439\",\"value\":\"46439\",\"name\":\"유하미카쿠토\"},{\"id\":\"98199\",\"value\":\"98199\",\"name\":\"신코\"},{\"id\":\"31299\",\"value\":\"31299\",\"name\":\"오리히로\"},{\"id\":\"11937\",\"value\":\"11937\",\"name\":\"카수가이\"},{\"id\":\"78145\",\"value\":\"78145\",\"name\":\"샤토우\"},{\"id\":\"115256\",\"value\":\"115256\",\"name\":\"유노타니\"},{\"id\":\"7281\",\"value\":\"7281\",\"name\":\"도라에몽\"},{\"id\":\"112901\",\"value\":\"112901\",\"name\":\"임페리얼쿠키\"},{\"id\":\"99092\",\"value\":\"99092\",\"name\":\"슈퍼비비가\"},{\"id\":\"14032\",\"value\":\"14032\",\"name\":\"윈윈푸드\"}],\"offerConditions\":[{\"id\":\"1\",\"value\":\"NEW\",\"name\":\"새 상품\"},{\"id\":\"2\",\"value\":\"PACKAGE_DAMAGED\",\"name\":\"박스 훼손\"},{\"id\":\"3\",\"value\":\"REPACKAGING\",\"name\":\"재포장\"},{\"id\":\"7\",\"value\":\"RETURN\",\"name\":\"반품\"},{\"id\":\"5\",\"value\":\"USED\",\"name\":\"중고\"}],\"componentAttributeFilter\":[{\"id\":\"194176-attr_7652\",\"value\":\"attr_7652\",\"componentId\":194176,\"name\":\"낱개상품 여부\",\"children\":[{\"id\":\"31823\",\"value\":\"31823\",\"name\":\"낱개상품\",\"disabled\":false}]},{\"id\":\"195168-attr_7637\",\"value\":\"attr_7637\",\"componentId\":195168,\"name\":\"개당 중량\",\"children\":[{\"id\":\"27451\",\"value\":\"27451\",\"name\":\"500g 이하\",\"disabled\":false},{\"id\":\"27452\",\"value\":\"27452\",\"name\":\"500g~1kg\",\"disabled\":false},{\"id\":\"27453\",\"value\":\"27453\",\"name\":\"1~2kg\",\"disabled\":false},{\"id\":\"27454\",\"value\":\"27454\",\"name\":\"2kg 이상\",\"disabled\":false}]},{\"id\":\"195168-attr_7663\",\"value\":\"attr_7663\",\"componentId\":195168,\"name\":\"총 수량\",\"children\":[{\"id\":\"20404\",\"value\":\"20404\",\"name\":\"5개 이하\",\"disabled\":false},{\"id\":\"20405\",\"value\":\"20405\",\"name\":\"5~15개\",\"disabled\":false},{\"id\":\"20406\",\"value\":\"20406\",\"name\":\"15~30개\",\"disabled\":false},{\"id\":\"20407\",\"value\":\"20407\",\"name\":\"30개 이상\",\"disabled\":false}]},{\"id\":\"195168-attr_7943\",\"value\":\"attr_7943\",\"componentId\":195168,\"name\":\"총 중량\",\"children\":[{\"id\":\"29263\",\"value\":\"29263\",\"name\":\"500g 이하\",\"disabled\":false},{\"id\":\"29264\",\"value\":\"29264\",\"name\":\"500g~1kg\",\"disabled\":false},{\"id\":\"29265\",\"value\":\"29265\",\"name\":\"1~2kg\",\"disabled\":false},{\"id\":\"29266\",\"value\":\"29266\",\"name\":\"2kg 이상\",\"disabled\":false}]},{\"id\":\"1-attr_12407\",\"value\":\"attr_12407\",\"componentId\":1,\"name\":\"포장형태\",\"children\":[{\"id\":\"19092\",\"value\":\"19092\",\"name\":\"봉지/지퍼백\",\"disabled\":false},{\"id\":\"19093\",\"value\":\"19093\",\"name\":\"상자 (갑)\",\"disabled\":false},{\"id\":\"19094\",\"value\":\"19094\",\"name\":\"용기/통\",\"disabled\":false},{\"id\":\"19095\",\"value\":\"19095\",\"name\":\"컵/1회분\",\"disabled\":false}]},{\"id\":\"1-attr_12700\",\"value\":\"attr_12700\",\"componentId\":1,\"name\":\"설탕함량\",\"children\":[{\"id\":\"21631\",\"value\":\"21631\",\"name\":\"무설탕\",\"disabled\":false},{\"id\":\"21632\",\"value\":\"21632\",\"name\":\"저설탕\",\"disabled\":false},{\"id\":\"25407\",\"value\":\"25407\",\"name\":\"설탕첨가\",\"disabled\":false},{\"id\":\"31983\",\"value\":\"31983\",\"name\":\"당 첨가\",\"disabled\":false}]},{\"id\":\"1-attr_12598\",\"value\":\"attr_12598\",\"componentId\":1,\"name\":\"종류\",\"children\":[{\"id\":\"20485\",\"value\":\"20485\",\"name\":\"봉지과자\",\"disabled\":false},{\"id\":\"20486\",\"value\":\"20486\",\"name\":\"과자/쿠키/비스킷\",\"disabled\":false},{\"id\":\"20488\",\"value\":\"20488\",\"name\":\"시리얼/바\",\"disabled\":false},{\"id\":\"20487\",\"value\":\"20487\",\"name\":\"파이/케이크/카스타드\",\"disabled\":false},{\"id\":\"20489\",\"value\":\"20489\",\"name\":\"유아/어린이 과자\",\"disabled\":false}]},{\"id\":\"1-attr_12593\",\"value\":\"attr_12593\",\"componentId\":1,\"name\":\"맛\",\"children\":[{\"id\":\"20391\",\"value\":\"20391\",\"name\":\"달콤한맛\",\"disabled\":false},{\"id\":\"20392\",\"value\":\"20392\",\"name\":\"짭짤한맛\",\"disabled\":false},{\"id\":\"20393\",\"value\":\"20393\",\"name\":\"고소한맛\",\"disabled\":false},{\"id\":\"20394\",\"value\":\"20394\",\"name\":\"매콤한맛\",\"disabled\":false},{\"id\":\"21103\",\"value\":\"21103\",\"name\":\"새콤한맛\",\"disabled\":false},{\"id\":\"20401\",\"value\":\"20401\",\"name\":\"혼합\",\"disabled\":false}]},{\"id\":\"1-attr_12594\",\"value\":\"attr_12594\",\"componentId\":1,\"name\":\"구성\",\"children\":[{\"id\":\"20402\",\"value\":\"20402\",\"name\":\"단품\",\"disabled\":false},{\"id\":\"20403\",\"value\":\"20403\",\"name\":\"혼합\",\"disabled\":false}]},{\"id\":\"1-attr_10585\",\"value\":\"attr_10585\",\"componentId\":1,\"name\":\"개별포장 여부\",\"children\":[{\"id\":\"2519\",\"value\":\"2519\",\"name\":\"개별포장\",\"disabled\":false}]},{\"id\":\"1-attr_11411\",\"value\":\"attr_11411\",\"componentId\":1,\"name\":\"보관방식\",\"children\":[{\"id\":\"4073\",\"value\":\"4073\",\"name\":\"냉장보관\",\"disabled\":false},{\"id\":\"4072\",\"value\":\"4072\",\"name\":\"냉동보관\",\"disabled\":false},{\"id\":\"4071\",\"value\":\"4071\",\"name\":\"실온보관\",\"disabled\":false}]},{\"id\":\"1-attr_12406\",\"value\":\"attr_12406\",\"componentId\":1,\"name\":\"간편식\",\"children\":[{\"id\":\"19083\",\"value\":\"19083\",\"name\":\"즉석섭취음료\",\"disabled\":false},{\"id\":\"19084\",\"value\":\"19084\",\"name\":\"즉석섭취식품\",\"disabled\":false},{\"id\":\"19085\",\"value\":\"19085\",\"name\":\"즉석조리식품\",\"disabled\":false},{\"id\":\"19087\",\"value\":\"19087\",\"name\":\"밀키트\",\"disabled\":false}]},{\"id\":\"1-attr_11022\",\"value\":\"attr_11022\",\"componentId\":1,\"name\":\"1회 제공량당 열량\",\"children\":[{\"id\":\"12260\",\"value\":\"12260\",\"name\":\"0Kcal\",\"disabled\":false},{\"id\":\"12261\",\"value\":\"12261\",\"name\":\"1Kcal 이상 ~ 20Kcal 이하\",\"disabled\":false},{\"id\":\"12262\",\"value\":\"12262\",\"name\":\"20Kcal 이상 ~ 40Kcal 이하\",\"disabled\":false},{\"id\":\"12263\",\"value\":\"12263\",\"name\":\"40Kcal 이상 ~ 100Kcal 이하\",\"disabled\":false},{\"id\":\"12264\",\"value\":\"12264\",\"name\":\"100Kcal 이상 ~ 200Kcal 이하\",\"disabled\":false},{\"id\":\"12265\",\"value\":\"12265\",\"name\":\"200Kcal 이상 ~ 300Kcal 이하\",\"disabled\":false},{\"id\":\"12266\",\"value\":\"12266\",\"name\":\"300Kcal 이상\",\"disabled\":false}]},{\"id\":\"1-attr_12471\",\"value\":\"attr_12471\",\"componentId\":1,\"name\":\"맛/향\",\"children\":[{\"id\":\"19718\",\"value\":\"19718\",\"name\":\"과일\",\"disabled\":false},{\"id\":\"19719\",\"value\":\"19719\",\"name\":\"민트/박하\",\"disabled\":false},{\"id\":\"19720\",\"value\":\"19720\",\"name\":\"소다\",\"disabled\":false},{\"id\":\"19721\",\"value\":\"19721\",\"name\":\"커피\",\"disabled\":false},{\"id\":\"19722\",\"value\":\"19722\",\"name\":\"초코\",\"disabled\":false},{\"id\":\"19723\",\"value\":\"19723\",\"name\":\"콜라\",\"disabled\":false},{\"id\":\"19724\",\"value\":\"19724\",\"name\":\"캬라멜\",\"disabled\":false},{\"id\":\"19725\",\"value\":\"19725\",\"name\":\"우유\",\"disabled\":false},{\"id\":\"19726\",\"value\":\"19726\",\"name\":\"요거트\",\"disabled\":false},{\"id\":\"19727\",\"value\":\"19727\",\"name\":\"땅콩/견과류\",\"disabled\":false},{\"id\":\"19728\",\"value\":\"19728\",\"name\":\"허브\",\"disabled\":false},{\"id\":\"19729\",\"value\":\"19729\",\"name\":\"허니/꿀\",\"disabled\":false},{\"id\":\"24951\",\"value\":\"24951\",\"name\":\"기타\",\"disabled\":false},{\"id\":\"19730\",\"value\":\"19730\",\"name\":\"혼합\",\"disabled\":false}]},{\"id\":\"1-attr_3900\",\"value\":\"attr_3900\",\"componentId\":1,\"name\":\"선물세트 여부\",\"children\":[{\"id\":\"1233\",\"value\":\"1233\",\"name\":\"선물세트\",\"disabled\":false}]}],\"searchResultComponents\":[{\"name\":\"전체\",\"eventLabel\":\"all\"},{\"id\":194176,\"linkCode\":\"194276\",\"linkUri\":\"/np/categories/194276\",\"name\":\"식품\",\"eventLabel\":\"food\"},{\"id\":449013,\"linkCode\":\"coupangglobal\",\"linkUri\":\"/np/coupangglobal\",\"name\":\"로켓직구\",\"eventLabel\":\"coupangglobal\"},{\"id\":510591,\"linkCode\":\"510691\",\"linkUri\":\"/np/categories/510691\",\"name\":\"쿠팡수입\",\"eventLabel\":\"coupangglobalsourcing\"},{\"id\":433684,\"linkCode\":\"433784\",\"linkUri\":\"/np/categories/433784\",\"name\":\"싱글라이프\",\"eventLabel\":\"finedust\"},{\"id\":305698,\"linkCode\":\"305798\",\"linkUri\":\"/np/categories/305798\",\"name\":\"헬스/건강식품\",\"eventLabel\":\"health\"},{\"id\":221834,\"linkCode\":\"221934\",\"linkUri\":\"/np/categories/221934\",\"name\":\"출산/유아동\",\"eventLabel\":\"baby\"},{\"id\":316068,\"linkCode\":\"316168\",\"linkUri\":\"/np/categories/316168\",\"name\":\"홈카페\",\"eventLabel\":\"coffee\"},{\"id\":178155,\"linkCode\":\"178255\",\"linkUri\":\"/np/categories/178255\",\"name\":\"가전디지털\",\"eventLabel\":\"digital\"},{\"id\":177195,\"linkCode\":\"177295\",\"linkUri\":\"/np/categories/177295\",\"name\":\"문구/오피스\",\"eventLabel\":\"office\"},{\"id\":383270,\"linkCode\":\"383370\",\"linkUri\":\"/np/categories/383370\",\"name\":\"실버스토어\",\"eventLabel\":\"silverstore\"},{\"id\":410173,\"linkCode\":\"410273\",\"linkUri\":\"/np/categories/410273\",\"name\":\"아트/공예\",\"eventLabel\":\"아트/공예\"},{\"id\":317678,\"linkCode\":\"317778\",\"linkUri\":\"/np/categories/317778\",\"name\":\"스포츠/레저\",\"eventLabel\":\"sports\"},{\"id\":564553,\"linkCode\":\"564653\",\"linkUri\":\"/np/categories/564653\",\"name\":\"패션의류/잡화\",\"eventLabel\":\"womanclothe\"},{\"id\":176422,\"linkCode\":\"176522\",\"linkUri\":\"/np/categories/176522\",\"name\":\"뷰티\",\"eventLabel\":\"beauty\"},{\"id\":317677,\"linkCode\":\"317777\",\"linkUri\":\"/np/categories/317777\",\"name\":\"도서/음반/DVD\",\"eventLabel\":\"book\"},{\"id\":183960,\"linkCode\":\"184060\",\"linkUri\":\"/np/categories/184060\",\"name\":\"자동차용품\",\"eventLabel\":\"car\"},{\"id\":396364,\"linkCode\":\"396464\",\"linkUri\":\"/np/categories/396464\",\"name\":\"해외여행\",\"eventLabel\":\"Travel-Overseas\"}],\"sorters\":[{\"id\":\"scoreDesc\",\"name\":\"쿠팡 랭킹순\"},{\"id\":\"salePriceAsc\",\"name\":\"낮은가격순\"},{\"id\":\"salePriceDesc\",\"name\":\"높은가격순\"},{\"id\":\"saleCountDesc\",\"name\":\"판매량순\"},{\"id\":\"latestAsc\",\"name\":\"최신순\"}]},\"query\":{\"listSize\":36,\"page\":2,\"filterType\":[],\"isPriceRange\":false,\"minPrice\":\"$undefined\",\"maxPrice\":\"$undefined\",\"component\":\"$undefined\",\"componentId\":\"$undefined\",\"campaignId\":\"$undefined\",\"sorter\":\"scoreDesc\",\"brand\":[],\"offerCondition\":[],\"rating\":\"0\",\"fromComponent\":\"$undefined\",\"selectedPlpKeepFilter\":\"$undefined\",\"filter\":{},\"linkCode\":\"$undefined\",\"q\":\"일본과자\",\"serviceKeys\":[\"rocket_luxury\",\"rocket\",\"coupang_global\"],\"rocketAll\":false,\"brandName\":\"$undefined\"},\"logProps\":{\"q\":\"일본과자\",\"searchId\":\"afc562b78792054\"},\"sendLog\":true,\"data-sentry-element\":\"FilterWrapper\",\"data-sentry-source-file\":\"index.tsx\"}],[\"$\",\"$L19\",null,{\"q\":\"일본과자\",\"searchId\":\"afc562b78792054\",\"channel\":\"recent\",\"keywords\":[{\"encodedKeyword\":\"%EC%9D%BC%EB%B3%B8%EA%B3%BC%EC%9E%90%EB%AA%A8%EC%9D%8C\",\"keyword\":\"일본과자모음\"},{\"encodedKeyword\":\"%EC%9D%BC%EB%B3%B8%EA%B3%BC%EC%9E%90%EC%A7%81%EA%B5%AC\",\"keyword\":\"일본과자직구\"},{\"encodedKeyword\":\"%EC%9D%BC%EB%B3%B8%EA%B3%BC%EC%9E%90\",\"keyword\":\"일본과자\"},{\"encodedKeyword\":\"%EA%B3%BC%EC%9E%90\",\"keyword\":\"과자\"},{\"encodedKeyword\":\"%EC%9D%BC%EB%B3%B8%EA%B0%84%EC%8B%9D\",\"keyword\":\"일본간식\"},{\"encodedKeyword\":\"%EC%9D%BC%EB%B3%B8%EA%B3%BC%EC%9E%90%EC%95%88%EC%A3%BC\",\"keyword\":\"일본과자안주\"},{\"encodedKeyword\":\"%EC%9D%BC%EB%B3%B8\",\"keyword\":\"일본\"},{\"encodedKeyword\":\"%EC%9D%BC%EB%B3%B8%EC%8C%80%EA%B3%BC%EC%9E%90\",\"keyword\":\"일본쌀과자\"},{\"encodedKeyword\":\"%EC%9D%BC%EB%B3%B8%EC%8B%9D%ED%92%88\",\"keyword\":\"일본식품\"},{\"encodedKeyword\":\"%EB%AA%A8%EB%A6%AC%EB%82%98%EA%B0%80%EC%BF%A0%ED%82%A4\",\"keyword\":\"모리나가쿠키\"}]}]]}],[\"$\",\"div\",null,{\"className\":\"fw-mt-[20px] fw-flex fw-flex-1 fw-flex-col fw-overflow-hidden\",\"children\":[[\"$\",\"div\",null,{\"className\":\"srp_resultHeader___PlJ5\",\"children\":[[\"$\",\"h1\",null,{\"data-sentry-component\":\"SearchResultTitle\",\"data-sentry-source-file\":\"SearchResultTitle.tsx\",\"children\":[[\"$\",\"strong\",null,{\"children\":[\"'\",\"일본과자\",\"'\"]}],\"에 대한 검색결과\"]}],[\"$\",\"div\",null,{\"className\":\"srp_relatedKeywords__DJiuK\",\"children\":[[\"$\",\"span\",null,{\"children\":\"연관검색어: \"}],[[\"$\",\"$L1a\",\"0\",{\"keyword\":\"$15:0:0:props:children:1:props:children:0:props:children:0:props:children:1:props:keywords:0\",\"channel\":\"relate\",\"q\":\"일본과자\"}],[\"$\",\"$L1a\",\"1\",{\"keyword\":\"$15:0:0:props:children:1:props:children:0:props:children:0:props:children:1:props:keywords:1\",\"channel\":\"relate\",\"q\":\"일본과자\"}],[\"$\",\"$L1a\",\"2\",{\"keyword\":\"$15:0:0:props:children:1:props:children:0:props:children:0:props:children:1:props:keywords:2\",\"channel\":\"relate\",\"q\":\"일본과자\"}],[\"$\",\"$L1a\",\"3\",{\"keyword\":\"$15:0:0:props:children:1:props:children:0:props:children:0:props:children:1:props:keywords:3\",\"channel\":\"relate\",\"q\":\"일본과자\"}],[\"$\",\"$L1a\",\"4\",{\"keyword\":\"$15:0:0:props:children:1:props:children:0:props:children:0:props:children:1:props:keywords:4\",\"channel\":\"relate\",\"q\":\"일본과자\"}],[\"$\",\"$L1a\",\"5\",{\"keyword\":\"$15:0:0:props:children:1:props:children:0:props:children:0:props:children:1:props:keywords:5\",\"channel\":\"relate\",\"q\":\"일본과자\"}],[\"$\",\"$L1a\",\"6\",{\"keyword\":\"$15:0:0:props:children:1:props:children:0:props:children:0:props:children:1:props:keywords:6\",\"channel\":\"relate\",\"q\":\"일본과자\"}],[\"$\",\"$L1a\",\"7\",{\"keyword\":\"$15:0:0:props:children:1:props:children:0:props:children:0:props:children:1:props:keywords:7\",\"channel\":\"relate\",\"q\":\"일본과자\"}],[\"$\",\"$L1a\",\"8\",{\"keyword\":\"$15:0:0:props:children:1:props:children:0:props:children:0:props:children:1:props:keywords:8\",\"channel\":\"relate\",\"q\":\"일본과자\"}],[\"$\",\"$L1a\",\"9\",{\"keyword\":\"$15:0:0:props:children:1:props:children:0:props:children:0:props:children:1:props:keywords:9\",\"channel\":\"relate\",\"q\":\"일본과자\"}]]]}],[\"$\",\"div\",null,{\"className\":\"srp_searchUtilArea__Ln1Cg\",\"children\":[[\"$\",\"$L1b\",null,{\"toggleStatus\":false,\"searchId\":\"afc562b78792054\",\"q\":\"일본과자\",\"data-sentry-element\":\"DeliveryFeeToggle\",\"data-sentry-source-file\":\"index.tsx\"}],[\"$\",\"$L1c\",null,{\"sorters\":[{\"name\":\"쿠팡 랭킹순\",\"linkCode\":\"ACCURACY\",\"searchSorter\":{\"key\":\"scoreDesc\",\"sortType\":\"DEFAULT\",\"selected\":false},\"selected\":true,\"eventLabel\":\"accuracy\"},{\"name\":\"낮은가격순\",\"linkCode\":\"LOW_PRICE\",\"searchSorter\":{\"key\":\"salePriceAsc\",\"sortType\":\"LOWEST_PRICE\",\"selected\":false},\"selected\":false,\"eventLabel\":\"low_price\"},{\"name\":\"높은가격순\",\"linkCode\":\"HIGH_PRICE\",\"searchSorter\":{\"key\":\"salePriceDesc\",\"sortType\":\"MAXIMUM_PRICE\",\"selected\":false},\"selected\":false,\"eventLabel\":\"high_price\"},{\"name\":\"판매량순\",\"linkCode\":\"SALES_COUNT\",\"searchSorter\":{\"key\":\"saleCountDesc\",\"sortType\":\"BEST_SELLING\",\"selected\":false},\"selected\":false,\"eventLabel\":\"sales_count\"},{\"name\":\"최신순\",\"linkCode\":\"LATEST\",\"searchSorter\":{\"key\":\"latestAsc\",\"sortType\":\"RECENCY\",\"selected\":false},\"selected\":false,\"eventLabel\":\"latest\"}],\"q\":\"일본과자\",\"data-sentry-element\":\"SortWrapper\",\"data-sentry-source-file\":\"index.tsx\"}],[\"$\",\"div\",null,{\"className\":\"srp_flexPlaceholder__gUkif\"}],[\"$\",\"$L1d\",null,{\"listSize\":36,\"q\":\"일본과자\",\"data-sentry-element\":\"ListSizeOptionWrapper\",\"data-sentry-source-file\":\"index.tsx\"}],[\"$\",\"$L18\",null,{\"params\":\"$15:0:0:props:children:1:props:children:0:props:children:0:props:children:0:props:params\",\"data\":\"$15:0:0:props:children:1:props:children:0:props:children:0:props:children:0:props:data\",\"query\":\"$15:0:0:props:children:1:props:children:0:props:children:0:props:children:0:props:query\",\"logProps\":{\"q\":\"일본과자\",\"searchId\":\"afc562b78792054\"},\"button\":true,\"data-sentry-element\":\"FilterWrapper\",\"data-sentry-source-file\":\"index.tsx\"}]]}]]}],[\"$\",\"$L1e\",null,{\"srpBrandProductTopBanner\":null,\"keywordProductTopBanner\":null,\"keywordTopBanner\":{\"type\":\"ADZERK_KEYWORD\",\"imageUrl\":\"https://static.coupangcdn.com/ma/cmg_paperboy/image/1742801712326/S4_PC.jpg\",\"linkUrl\":\"https://shop.coupang.com/A00131685/241334?source=brandstore_display_ads\u0026adType=DA\u0026eventId=BDN0qi82oGZVuAqy\",\"image\":{\"width\":1050,\"margin\":0,\"imageUrl\":\"https://static.coupangcdn.com/ma/cmg_paperboy/image/1742801712326/S4_PC.jpg\",\"id\":\"11517547\",\"height\":120},\"adzerkLogDto\":{\"clickLogUri\":\"https://mercury.coupang.com/e.gif?r=ChBCRE4wcWk4Mm9HWlZ1QXF5Eg0xMC4yMTEuODkuMjQ3GOLHgLDzMiASKixBM2tBVHh2MnZEOFRScEtFWHhBQmgyVTNIU0NLOXNOZExEWlprQ0x4VEZVPTIDQ1BNQhc0NDM5Nzk4NjI1OTY2NjkzNjc0MTU4NlDr%2FL4FWgVjbGlja3IM7J2867O46rO87J6QegNXRUKKAQRtYXJzkAHriQuYAbUaoAHr%2FL4FsAGA5QjCARBGYUVkOFdMWmhmSGM3Vkl4\u0026t=1\",\"impressionLogUri\":\"https://mercury.coupang.com/e.gif?r=ChBCRE4wcWk4Mm9HWlZ1QXF5Eg0xMC4yMTEuODkuMjQ3GOLHgLDzMiASKixBM2tBVHh2MnZEOFRScEtFWHhBQmgyVTNIU0NLOXNOZExEWlprQ0x4VEZVPTIDQ1BNQhc0NDM5Nzk4NjI1OTY2NjkzNjc0MTU4NkkAAAAAAABiQFDr%2FL4FWgppbXByZXNzaW9uaICI1URyDOydvOuzuOqzvOyekHoDV0VCigEEbWFyc5AB64kLmAG1GqAB6%2Fy%2BBbABgOUIwgEQRmFFZDhXTFpoZkhjN1ZJeA%3D%3D\u0026t=2\",\"viewImpression\":\"https://mercury.coupang.com/e.gif?r=ChBCRE4wcWk4Mm9HWlZ1QXF5Eg0xMC4yMTEuODkuMjQ3GOLHgLDzMiASKixBM2tBVHh2MnZEOFRScEtFWHhBQmgyVTNIU0NLOXNOZExEWlprQ0x4VEZVPTIDQ1BNQhc0NDM5Nzk4NjI1OTY2NjkzNjc0MTU4NkkAAAAAAABiQFDr%2FL4FWgR2aWV3aICI1URyDOydvOuzuOqzvOyekHoDV0VCigEEbWFyc5AB64kLmAG1GqAB6%2Fy%2BBbABgOUIwgEQRmFFZDhXTFpoZkhjN1ZJeA%3D%3D\u0026t=3\",\"eventId\":\"BDN0qi82oGZVuAqy\",\"feedsId\":\"\"}},\"q\":\"일본과자\",\"searchId\":\"afc562b78792054\",\"channel\":\"recent\",\"tcDCORenderingControl\":true}],[\"$\",\"$L1f\",null,{\"page\":2,\"children\":[[\"$\",\"$L20\",null,{\"products\":[{\"adBadgeArea\":{\"sponsored\":true,\"adzerkLog\":{\"clickLogUri\":\"https://mercury.coupang.com/e.gif?r=78fd5d20-407f-11f0-9ad7-d5d0e8a23b63%7E3\u0026korePlacement=15\u0026koreSubPlacement=37\",\"impressionLogUri\":\"https://mercury.coupang.com/e.gif?r=78fd5d20-407f-11f0-9ad7-d5d0e8a23b63%7E1\u0026korePlacement=15\u0026koreSubPlacement=37\",\"viewImpression\":\"https://mercury.coupang.com/e.gif?r=78fd5d20-407f-11f0-9ad7-d5d0e8a23b63%7E2\u0026korePlacement=15\u0026koreSubPlacement=37\",\"feedsId\":\"\",\"eventId\":\"78fd5d20-407f-11f0-9ad7-d5d0e8a23b63\"},\"showSeparator\":false},\"badgeReorder\":false,\"benefitBadgeArea\":{\"badgeAreaContents\":[]},\"bizOnlyArea\":null,\"cashBackArea\":{\"iconUrl\":\"https://image6.coupangcdn.com/image/badges/cashback/web/list-cash-icon@2x.png\",\"cashRewardText\":\"최대 1,050원 적립\"},\"ccidArea\":null,\"ccidEligible\":false,\"couPickArea\":null,\"couponNudgeStyle\":null,\"couponNudgeText\":null,\"couponTagArea\":null,\"deliveryBadgeArea\":{\"badgeAreaContents\":[]},\"deliverySpeedBadgeArea\":null,\"eligibleFalconArea\":null,\"emptyCcidAndCashback\":false,\"globalArea\":{\"badgeImage\":null,\"show\":false},\"handymanArea\":null,\"imageAndTitleArea\":{\"defaultUrl\":\"//thumbnail9.coupangcdn.com/thumbnails/remote/320x320ex/image/vendor_inventory/6a8f/d3ebe817172b854a75b153fa84c0a3c1d4bde7403c77ba98eaa5f0ad09cc.png\",\"title\":\"훗카이도 까망베르 치즈샌드, 5개, 38g\"},\"index\":{\"deliveryInfo\":{\"finalFreeShipOverAmountEx\":{\"amount\":19800}},\"freebie\":null,\"itemId\":24956500057,\"soldOutReason\":null,\"unitPrice\":{\"amount\":10,\"extendedPrice\":{\"money\":{\"amount\":1105,\"currency\":\"KRW\"},\"offset\":0},\"priceEx\":{\"amount\":1105,\"currency\":\"KRW\"},\"unit\":\"g\"}},\"isCeCategory\":false,\"labelArea\":{\"labelAreaContents\":[],\"todayClose\":false},\"legacyProductId\":8285923292,\"link\":\"/vp/products/8285923292?itemId=24956500057\u0026vendorItemId=91898028262\u0026sourceType=srp_product_ads\u0026clickEventId=78fd5d20-407f-11f0-9ad7-d5d0e8a23b63\u0026korePlacement=15\u0026koreSubPlacement=37\u0026clickEventId=78fd5d20-407f-11f0-9ad7-d5d0e8a23b63\u0026korePlacement=15\u0026koreSubPlacement=37\",\"luxuryNudgeText\":null,\"priceArea\":{\"basePrice\":\"27,500\",\"discountRate\":23,\"i18nOriginalPrice\":{\"amount\":\"27500\",\"rawAmount\":null,\"fractionDigits\":0,\"currency\":\"KRW\"},\"i18nSalesPrice\":{\"amount\":\"21000\",\"rawAmount\":null,\"fractionDigits\":0,\"currency\":\"KRW\"},\"instantDiscountDescription\":\"\",\"price\":\"21,000\",\"shippingFeeDescription\":null},\"promisedDeliveryDateArea\":{\"contents\":[{\"text\":\"내일(수) \",\"size\":14,\"color\":\"#008C00\",\"bold\":false},{\"text\":\"도착 보장\",\"size\":14,\"color\":\"#008C00\",\"bold\":false}]},\"reviewArea\":{\"ratingAverage\":4.5,\"ratingCount\":155,\"ratingRatio\":90},\"rluxBrandNameArea\":{\"show\":false,\"badgeImage\":null,\"brandName\":null,\"rluxAuthText\":null},\"rocketArea\":{\"badgeImage\":{\"iconUrl\":\"https://image7.coupangcdn.com/image/coupang/rds/logo/iphone_2x/logoRocketMerchantLargeV3R3@2x.png\"},\"show\":true},\"sequence\":0,\"shippingInfoArea\":null,\"snsDiscountRate\":-1,\"soldoutArea\":{\"soldOutText\":\"품절\",\"soldout\":false},\"subscriptionPriceArea\":null,\"topBrandArea\":null,\"vendorItemId\":91898028262,\"wowOnlyInstantDiscountRate\":-1,\"bestArea\":{\"sequence\":-1,\"show\":false}},{\"adBadgeArea\":{\"sponsored\":false,\"adzerkLog\":null,\"showSeparator\":false},\"badgeReorder\":false,\"benefitBadgeArea\":{\"badgeAreaContents\":[]},\"bizOnlyArea\":null,\"cashBackArea\":{\"iconUrl\":\"https://image6.coupangcdn.com/image/badges/cashback/web/list-cash-icon@2x.png\",\"cashRewardText\":\"최대 161원 적립\"},\"ccidArea\":null,\"ccidEligible\":false,\"couPickArea\":null,\"couponNudgeStyle\":null,\"couponNudgeText\":null,\"couponTagArea\":null,\"deliveryBadgeArea\":{\"badgeAreaContents\":[]},\"deliverySpeedBadgeArea\":null,\"eligibleFalconArea\":null,\"emptyCcidAndCashback\":false,\"globalArea\":{\"badgeImage\":null,\"show\":false},\"handymanArea\":null,\"imageAndTitleArea\":{\"defaultUrl\":\"//thumbnail8.coupangcdn.com/thumbnails/remote/320x320ex/image/vendor_inventory/c8bd/c3a291e0aa5052b5b57b00b0b66b9197075557bbbf79e4da453450960c0e.jpg\",\"title\":\"랑그리 바닐라향 크림 샌드, 132g, 1개\"},\"index\":{\"deliveryInfo\":{\"finalFreeShipOverAmountEx\":{\"amount\":19800}},\"freebie\":null,\"itemId\":15660588483,\"soldOutReason\":null,\"unitPrice\":{\"amount\":10,\"extendedPrice\":{\"money\":{\"amount\":272,\"currency\":\"KRW\"},\"offset\":0},\"priceEx\":{\"amount\":272,\"currency\":\"KRW\"},\"unit\":\"g\"}},\"isCeCategory\":false,\"labelArea\":{\"labelAreaContents\":[],\"todayClose\":false},\"legacyProductId\":6726729468,\"link\":\"/vp/products/6726729468?itemId=15660588483\u0026vendorItemId=91732149518\u0026q=일본과자\u0026searchId=afc562b78792054\u0026sourceType=search\u0026itemsCount=36\u0026searchRank=37\u0026rank=37\",\"luxuryNudgeText\":null,\"priceArea\":{\"basePrice\":\"0\",\"discountRate\":0,\"i18nOriginalPrice\":{\"amount\":\"0\",\"rawAmount\":null,\"fractionDigits\":0,\"currency\":\"KRW\"},\"i18nSalesPrice\":{\"amount\":\"3590\",\"rawAmount\":null,\"fractionDigits\":0,\"currency\":\"KRW\"},\"instantDiscountDescription\":\"\",\"price\":\"3,590\",\"shippingFeeDescription\":null},\"promisedDeliveryDateArea\":{\"contents\":[{\"text\":\"내일(수) \",\"size\":14,\"color\":\"#008C00\",\"bold\":false},{\"text\":\"도착 보장\",\"size\":14,\"color\":\"#008C00\",\"bold\":false}]},\"reviewArea\":{\"ratingAverage\":4.5,\"ratingCount\":8119,\"ratingRatio\":90},\"rluxBrandNameArea\":{\"show\":false,\"badgeImage\":null,\"brandName\":null,\"rluxAuthText\":null},\"rocketArea\":{\"badgeImage\":{\"iconUrl\":\"https://image6.coupangcdn.com/image/cmg/icon/ios/logo_rocket_large@3x.png\"},\"show\":true},\"sequence\":1,\"shippingInfoArea\":null,\"snsDiscountRate\":-1,\"soldoutArea\":{\"soldOutText\":\"일시품절\",\"soldout\":false},\"subscriptionPriceArea\":null,\"topBrandArea\":null,\"usedProductArea\":{\"usedProductInfo\":[{\"bold\":null,\"text\":\"새 상품\"},{\"bold\":null,\"text\":\", \"},{\"bold\":null,\"text\":\"반품-미개봉\"},{\"bold\":true,\"text\":\" (4)\"}],\"usedProductPrice\":[{\"bold\":null,\"text\":\"최저\"},{\"bold\":true,\"text\":\"3,130\"},{\"bold\":null,\"text\":\"원\"}]},\"vendorItemId\":91732149518,\"wowOnlyInstantDiscountRate\":-1,\"bestArea\":{\"sequence\":-1,\"show\":false}},{\"adBadgeArea\":{\"sponsored\":true,\"adzerkLog\":{\"clickLogUri\":\"https://mercury.coupang.com/e.gif?r=78fd5d20-407f-11f0-8c2a-869a82a9201b%7E3\u0026korePlacement=15\u0026koreSubPlacement=39\",\"impressionLogUri\":\"https://mercury.coupang.com/e.gif?r=78fd5d20-407f-11f0-8c2a-869a82a9201b%7E1\u0026korePlacement=15\u0026koreSubPlacement=39\",\"viewImpression\":\"https://mercury.coupang.com/e.gif?r=78fd5d20-407f-11f0-8c2a-869a82a9201b%7E2\u0026korePlacement=15\u0026koreSubPlacement=39\",\"feedsId\":\"\",\"eventId\":\"78fd5d20-407f-11f0-8c2a-869a82a9201b\"},\"showSeparator\":false},\"badgeReorder\":false,\"benefitBadgeArea\":{\"badgeAreaContents\":[]},\"bizOnlyArea\":null,\"cashBackArea\":{\"iconUrl\":\"https://image6.coupangcdn.com/image/badges/cashback/web/list-cash-icon@2x.png\",\"cashRewardText\":\"최대 864원 적립\"},\"ccidArea\":null,\"ccidEligible\":false,\"couPickArea\":null,\"couponNudgeStyle\":null,\"couponNudgeText\":null,\"couponTagArea\":null,\"deliveryBadgeArea\":{\"badgeAreaContents\":[]},\"deliverySpeedBadgeArea\":null,\"eligibleFalconArea\":null,\"emptyCcidAndCashback\":false,\"globalArea\":{\"badgeImage\":null,\"show\":false},\"handymanArea\":null,\"imageAndTitleArea\":{\"defaultUrl\":\"//thumbnail10.coupangcdn.com/thumbnails/remote/320x320ex/image/vendor_inventory/1c5c/be56d9d0ab81feddf0e629a861e00051ceb76e342d5742487aac3cfcf0f1.jpg\",\"title\":\"디즈니 줄줄이 비스킷 초코맛 과자, 40개, 15g\"},\"index\":{\"deliveryInfo\":{\"finalFreeShipOverAmountEx\":{\"amount\":19800}},\"freebie\":null,\"itemId\":25121638816,\"soldOutReason\":null,\"unitPrice\":{\"amount\":10,\"extendedPrice\":{\"money\":{\"amount\":300,\"currency\":\"KRW\"},\"offset\":0},\"priceEx\":{\"amount\":300,\"currency\":\"KRW\"},\"unit\":\"g\"}},\"isCeCategory\":false,\"labelArea\":{\"labelAreaContents\":[],\"todayClose\":false},\"legacyProductId\":8472747129,\"link\":\"/vp/products/8472747129?itemId=25121638816\u0026vendorItemId=91528490315\u0026sourceType=srp_product_ads\u0026clickEventId=78fd5d20-407f-11f0-8c2a-869a82a9201b\u0026korePlacement=15\u0026koreSubPlacement=39\u0026clickEventId=78fd5d20-407f-11f0-8c2a-869a82a9201b\u0026korePlacement=15\u0026koreSubPlacement=39\",\"luxuryNudgeText\":null,\"priceArea\":{\"basePrice\":\"22,500\",\"discountRate\":20,\"i18nOriginalPrice\":{\"amount\":\"22500\",\"rawAmount\":null,\"fractionDigits\":0,\"currency\":\"KRW\"},\"i18nSalesPrice\":{\"amount\":\"18000\",\"rawAmount\":null,\"fractionDigits\":0,\"currency\":\"KRW\"},\"instantDiscountDescription\":\"\",\"price\":\"18,000\",\"shippingFeeDescription\":null},\"promisedDeliveryDateArea\":{\"contents\":[{\"text\":\"내일(수) \",\"size\":14,\"color\":\"#008C00\",\"bold\":false},{\"text\":\"도착 보장\",\"size\":14,\"color\":\"#008C00\",\"bold\":false}]},\"reviewArea\":{\"ratingAverage\":4.5,\"ratingCount\":271,\"ratingRatio\":90},\"rluxBrandNameArea\":{\"show\":false,\"badgeImage\":null,\"brandName\":null,\"rluxAuthText\":null},\"rocketArea\":{\"badgeImage\":{\"iconUrl\":\"https://image7.coupangcdn.com/image/coupang/rds/logo/iphone_2x/logoRocketMerchantLargeV3R3@2x.png\"},\"show\":true},\"sequence\":2,\"shippingInfoArea\":null,\"snsDiscountRate\":-1,\"soldoutArea\":{\"soldOutText\":\"품절\",\"soldout\":false},\"subscriptionPriceArea\":null,\"topBrandArea\":null,\"vendorItemId\":91528490315,\"wowOnlyInstantDiscountRate\":-1,\"bestArea\":{\"sequence\":-1,\"show\":false}},{\"adBadgeArea\":{\"sponsored\":false,\"adzerkLog\":null,\"showSeparator\":false},\"badgeReorder\":false,\"benefitBadgeArea\":{\"badgeAreaContents\":[]},\"bizOnlyArea\":null,\"cashBackArea\":{\"iconUrl\":\"https://image6.coupangcdn.com/image/badges/cashback/web/list-cash-icon@2x.png\",\"cashRewardText\":\"최대 5원 적립\"},\"ccidArea\":null,\"ccidEligible\":false,\"couPickArea\":null,\"couponNudgeStyle\":null,\"couponNudgeText\":null,\"couponTagArea\":null,\"deliveryBadgeArea\":{\"badgeAreaContents\":[]},\"deliverySpeedBadgeArea\":null,\"eligibleFalconArea\":null,\"emptyCcidAndCashback\":false,\"globalArea\":{\"badgeImage\":null,\"show\":false},\"handymanArea\":null,\"imageAndTitleArea\":{\"defaultUrl\":\"//thumbnail7.coupangcdn.com/thumbnails/remote/320x320ex/image/vendor_inventory/21da/201be9e67057d9f5b383895b86e2fe735d00b0971fb53c3d5d97e29c9f4e.jpg\",\"title\":\"일본 오리히로 곤약젤리 8가지맛 총48개, 1세트, 960g\"},\"index\":{\"deliveryInfo\":{\"finalFreeShipOverAmountEx\":{\"amount\":0}},\"freebie\":null,\"itemId\":24339050783,\"soldOutReason\":null,\"unitPrice\":{\"amount\":10,\"extendedPrice\":{\"money\":{\"amount\":1,\"currency\":\"KRW\"},\"offset\":0},\"priceEx\":{\"amount\":1,\"currency\":\"KRW\"},\"unit\":\"g\"}},\"isCeCategory\":false,\"labelArea\":{\"labelAreaContents\":[],\"todayClose\":false},\"legacyProductId\":5700874190,\"link\":\"/vp/products/5700874190?itemId=24339050783\u0026vendorItemId=92020451078\u0026q=일본과자\u0026searchId=afc562b78792054\u0026sourceType=search\u0026itemsCount=36\u0026searchRank=39\u0026rank=39\",\"luxuryNudgeText\":null,\"priceArea\":{\"basePrice\":\"17,900\",\"discountRate\":99,\"i18nOriginalPrice\":{\"amount\":\"17900\",\"rawAmount\":null,\"fractionDigits\":0,\"currency\":\"KRW\"},\"i18nSalesPrice\":{\"amount\":\"100\",\"rawAmount\":null,\"fractionDigits\":0,\"currency\":\"KRW\"},\"instantDiscountDescription\":\"\",\"price\":\"100\",\"shippingFeeDescription\":\"배송비 13,300원\"},\"promisedDeliveryDateArea\":{\"contents\":[{\"text\":\"6/19 \",\"size\":14,\"color\":\"#212B36\",\"bold\":false},{\"text\":\"도착 예정\",\"size\":14,\"color\":\"#212B36\",\"bold\":false}]},\"reviewArea\":{\"ratingAverage\":5,\"ratingCount\":4434,\"ratingRatio\":100},\"rluxBrandNameArea\":{\"show\":false,\"badgeImage\":null,\"brandName\":null,\"rluxAuthText\":null},\"rocketArea\":{\"badgeImage\":{\"iconUrl\":\"\"},\"show\":false},\"sequence\":3,\"shippingInfoArea\":null,\"snsDiscountRate\":-1,\"soldoutArea\":{\"soldOutText\":\"품절\",\"soldout\":false},\"subscriptionPriceArea\":null,\"topBrandArea\":null,\"vendorItemId\":92020451078,\"wowOnlyInstantDiscountRate\":-1,\"bestArea\":{\"sequence\":-1,\"show\":false}},{\"adBadgeArea\":{\"sponsored\":true,\"adzerkLog\":{\"clickLogUri\":\"https://mercury.coupang.com/e.gif?r=78fd8430-407f-11f0-b2f8-e681bb780ed7%7E3\u0026korePlacement=15\u0026koreSubPlacement=41\",\"impressionLogUri\":\"https://mercury.coupang.com/e.gif?r=78fd8430-407f-11f0-b2f8-e681bb780ed7%7E1\u0026korePlacement=15\u0026koreSubPlacement=41\",\"viewImpression\":\"https://mercury.coupang.com/e.gif?r=78fd8430-407f-11f0-b2f8-e681bb780ed7%7E2\u0026korePlacement=15\u0026koreSubPlacement=41\",\"feedsId\":\"\",\"eventId\":\"78fd8430-407f-11f0-b2f8-e681bb780ed7\"},\"showSeparator\":false},\"badgeReorder\":false,\"benefitBadgeArea\":{\"badgeAreaContents\":[]},\"bizOnlyArea\":null,\"cashBackArea\":{\"iconUrl\":\"https://image6.coupangcdn.com/image/badges/cashback/web/list-cash-icon@2x.png\",\"cashRewardText\":\"최대 1,332원 적립\"},\"ccidArea\":null,\"ccidEligible\":false,\"couPickArea\":null,\"couponNudgeStyle\":null,\"couponNudgeText\":null,\"couponTagArea\":null,\"deliveryBadgeArea\":{\"badgeAreaContents\":[]},\"deliverySpeedBadgeArea\":null,\"eligibleFalconArea\":null,\"emptyCcidAndCashback\":false,\"globalArea\":{\"badgeImage\":null,\"show\":false},\"handymanArea\":null,\"imageAndTitleArea\":{\"defaultUrl\":\"//thumbnail6.coupangcdn.com/thumbnails/remote/320x320ex/image/vendor_inventory/062b/ef6a70eccc742db57d29ca50c356d4c79e28bca997232ba245e50417e850.jpg\",\"title\":\"유밀가 무설탕 수제 우유 약과 12개입, 336g, 1개\"},\"index\":{\"deliveryInfo\":{\"finalFreeShipOverAmountEx\":{\"amount\":19800}},\"freebie\":null,\"itemId\":20809697786,\"soldOutReason\":null,\"unitPrice\":{\"amount\":10,\"extendedPrice\":{\"money\":{\"amount\":931,\"currency\":\"KRW\"},\"offset\":0},\"priceEx\":{\"amount\":931,\"currency\":\"KRW\"},\"unit\":\"g\"}},\"isCeCategory\":false,\"labelArea\":{\"labelAreaContents\":[],\"todayClose\":false},\"legacyProductId\":7737745297,\"link\":\"/vp/products/7737745297?itemId=20809697786\u0026vendorItemId=88009949873\u0026sourceType=srp_product_ads\u0026clickEventId=78fd8430-407f-11f0-b2f8-e681bb780ed7\u0026korePlacement=15\u0026koreSubPlacement=41\u0026clickEventId=78fd8430-407f-11f0-b2f8-e681bb780ed7\u0026korePlacement=15\u0026koreSubPlacement=41\",\"luxuryNudgeText\":null,\"priceArea\":{\"basePrice\":\"32,000\",\"discountRate\":2,\"i18nOriginalPrice\":{\"amount\":\"32000\",\"rawAmount\":null,\"fractionDigits\":0,\"currency\":\"KRW\"},\"i18nSalesPrice\":{\"amount\":\"31290\",\"rawAmount\":null,\"fractionDigits\":0,\"currency\":\"KRW\"},\"instantDiscountDescription\":\"\",\"price\":\"31,290\",\"shippingFeeDescription\":null},\"promisedDeliveryDateArea\":{\"contents\":[{\"text\":\"내일(수) \",\"size\":14,\"color\":\"#008C00\",\"bold\":false},{\"text\":\"도착 보장\",\"size\":14,\"color\":\"#008C00\",\"bold\":false}]},\"reviewArea\":{\"ratingAverage\":4.5,\"ratingCount\":850,\"ratingRatio\":90},\"rluxBrandNameArea\":{\"show\":false,\"badgeImage\":null,\"brandName\":null,\"rluxAuthText\":null},\"rocketArea\":{\"badgeImage\":{\"iconUrl\":\"https://image7.coupangcdn.com/image/coupang/rds/logo/iphone_2x/logoRocketMerchantLargeV3R3@2x.png\"},\"show\":true},\"sequence\":4,\"shippingInfoArea\":null,\"snsDiscountRate\":-1,\"soldoutArea\":{\"soldOutText\":\"품절\",\"soldout\":false},\"subscriptionPriceArea\":null,\"topBrandArea\":null,\"usedProductArea\":{\"usedProductInfo\":[{\"bold\":null,\"text\":\"새 상품\"},{\"bold\":null,\"text\":\", \"},{\"bold\":null,\"text\":\"반품-미개봉\"},{\"bold\":true,\"text\":\" (3)\"}],\"usedProductPrice\":[{\"bold\":null,\"text\":\"최저\"},{\"bold\":true,\"text\":\"26,640\"},{\"bold\":null,\"text\":\"원\"}]},\"vendorItemId\":88009949873,\"wowOnlyInstantDiscountRate\":-1,\"bestArea\":{\"sequence\":-1,\"show\":false}},{\"adBadgeArea\":{\"sponsored\":false,\"adzerkLog\":null,\"showSeparator\":false},\"badgeReorder\":false,\"benefitBadgeArea\":{\"badgeAreaContents\":[]},\"bizOnlyArea\":null,\"cashBackArea\":{\"iconUrl\":\"https://image6.coupangcdn.com/image/badges/cashback/web/list-cash-icon@2x.png\",\"cashRewardText\":\"최대 223원 적립\"},\"ccidArea\":null,\"ccidEligible\":false,\"couPickArea\":null,\"couponNudgeStyle\":null,\"couponNudgeText\":null,\"couponTagArea\":null,\"deliveryBadgeArea\":{\"badgeAreaContents\":[]},\"deliverySpeedBadgeArea\":null,\"eligibleFalconArea\":null,\"emptyCcidAndCashback\":false,\"globalArea\":{\"badgeImage\":null,\"show\":false},\"handymanArea\":null,\"imageAndTitleArea\":{\"defaultUrl\":\"//thumbnail8.coupangcdn.com/thumbnails/remote/320x320ex/image/vendor_inventory/caa8/fc4cf2ab3ee06fdc5ca6576bd5993a5afe035b274d291bb60865e8ee8a2d.jpg\",\"title\":\"랑그리 초코 크림샌드, 132g, 1개\"},\"index\":{\"deliveryInfo\":{\"finalFreeShipOverAmountEx\":{\"amount\":19800}},\"freebie\":null,\"itemId\":15660588810,\"soldOutReason\":null,\"unitPrice\":{\"amount\":10,\"extendedPrice\":{\"money\":{\"amount\":375,\"currency\":\"KRW\"},\"offset\":0},\"priceEx\":{\"amount\":375,\"currency\":\"KRW\"},\"unit\":\"g\"}},\"isCeCategory\":false,\"labelArea\":{\"labelAreaContents\":[],\"todayClose\":false},\"legacyProductId\":6726729540,\"link\":\"/vp/products/6726729540?itemId=15660588810\u0026vendorItemId=91732149578\u0026q=일본과자\u0026searchId=afc562b78792054\u0026sourceType=search\u0026itemsCount=36\u0026searchRank=41\u0026rank=41\",\"luxuryNudgeText\":null,\"priceArea\":{\"basePrice\":\"0\",\"discountRate\":0,\"i18nOriginalPrice\":{\"amount\":\"0\",\"rawAmount\":null,\"fractionDigits\":0,\"currency\":\"KRW\"},\"i18nSalesPrice\":{\"amount\":\"4950\",\"rawAmount\":null,\"fractionDigits\":0,\"currency\":\"KRW\"},\"instantDiscountDescription\":\"\",\"price\":\"4,950\",\"shippingFeeDescription\":null},\"promisedDeliveryDateArea\":{\"contents\":[{\"text\":\"내일(수) \",\"size\":14,\"color\":\"#008C00\",\"bold\":false},{\"text\":\"도착 보장\",\"size\":14,\"color\":\"#008C00\",\"bold\":false}]},\"reviewArea\":{\"ratingAverage\":4.5,\"ratingCount\":3275,\"ratingRatio\":90},\"rluxBrandNameArea\":{\"show\":false,\"badgeImage\":null,\"brandName\":null,\"rluxAuthText\":null},\"rocketArea\":{\"badgeImage\":{\"iconUrl\":\"https://image6.coupangcdn.com/image/cmg/icon/ios/logo_rocket_large@3x.png\"},\"show\":true},\"sequence\":5,\"shippingInfoArea\":null,\"snsDiscountRate\":-1,\"soldoutArea\":{\"soldOutText\":\"일시품절\",\"soldout\":false},\"subscriptionPriceArea\":null,\"topBrandArea\":null,\"usedProductArea\":{\"usedProductInfo\":[{\"bold\":null,\"text\":\"새 상품\"},{\"bold\":null,\"text\":\", \"},{\"bold\":null,\"text\":\"반품-미개봉\"},{\"bold\":true,\"text\":\" (3)\"}],\"usedProductPrice\":[{\"bold\":null,\"text\":\"최저\"},{\"bold\":true,\"text\":\"4,310\"},{\"bold\":null,\"text\":\"원\"}]},\"vendorItemId\":91732149578,\"wowOnlyInstantDiscountRate\":-1,\"bestArea\":{\"sequence\":-1,\"show\":false}},{\"adBadgeArea\":{\"sponsored\":true,\"adzerkLog\":{\"clickLogUri\":\"https://mercury.coupang.com/e.gif?r=78fd8430-407f-11f0-bf12-954cf441cf1e%7E3\u0026korePlacement=15\u0026koreSubPlacement=43\",\"impressionLogUri\":\"https://mercury.coupang.com/e.gif?r=78fd8430-407f-11f0-bf12-954cf441cf1e%7E1\u0026korePlacement=15\u0026koreSubPlacement=43\",\"viewImpression\":\"https://mercury.coupang.com/e.gif?r=78fd8430-407f-11f0-bf12-954cf441cf1e%7E2\u0026korePlacement=15\u0026koreSubPlacement=43\",\"feedsId\":\"\",\"eventId\":\"78fd8430-407f-11f0-bf12-954cf441cf1e\"},\"showSeparator\":false},\"badgeReorder\":false,\"benefitBadgeArea\":{\"badgeAreaContents\":[]},\"bizOnlyArea\":null,\"cashBackArea\":{\"iconUrl\":\"https://image6.coupangcdn.com/image/badges/cashback/web/list-cash-icon@2x.png\",\"cashRewardText\":\"최대 1,603원 적립\"},\"ccidArea\":null,\"ccidEligible\":false,\"couPickArea\":null,\"couponNudgeStyle\":null,\"couponNudgeText\":null,\"couponTagArea\":null,\"deliveryBadgeArea\":{\"badgeAreaContents\":[]},\"deliverySpeedBadgeArea\":null,\"eligibleFalconArea\":null,\"emptyCcidAndCashback\":false,\"globalArea\":{\"badgeImage\":null,\"show\":false},\"handymanArea\":null,\"imageAndTitleArea\":{\"defaultUrl\":\"//thumbnail7.coupangcdn.com/thumbnails/remote/320x320ex/image/retail/images/126083238884982-60b0dfed-c03d-4ebc-8ea3-bb70290aba40.jpg\",\"title\":\"타로운세 포춘쿠키 24p, 120g, 1개\"},\"index\":{\"deliveryInfo\":{\"finalFreeShipOverAmountEx\":{\"amount\":19800}},\"freebie\":null,\"itemId\":18506607615,\"soldOutReason\":null,\"unitPrice\":{\"amount\":10,\"extendedPrice\":{\"money\":{\"amount\":2813,\"currency\":\"KRW\"},\"offset\":0},\"priceEx\":{\"amount\":2813,\"currency\":\"KRW\"},\"unit\":\"g\"}},\"isCeCategory\":false,\"labelArea\":{\"labelAreaContents\":[],\"todayClose\":false},\"legacyProductId\":6342512394,\"link\":\"/vp/products/6342512394?itemId=18506607615\u0026vendorItemId=84641985853\u0026sourceType=srp_product_ads\u0026clickEventId=78fd8430-407f-11f0-bf12-954cf441cf1e\u0026korePlacement=15\u0026koreSubPlacement=43\u0026clickEventId=78fd8430-407f-11f0-bf12-954cf441cf1e\u0026korePlacement=15\u0026koreSubPlacement=43\",\"luxuryNudgeText\":null,\"priceArea\":{\"basePrice\":\"0\",\"discountRate\":0,\"i18nOriginalPrice\":{\"amount\":\"0\",\"rawAmount\":null,\"fractionDigits\":0,\"currency\":\"KRW\"},\"i18nSalesPrice\":{\"amount\":\"33750\",\"rawAmount\":null,\"fractionDigits\":0,\"currency\":\"KRW\"},\"instantDiscountDescription\":\"\",\"price\":\"33,750\",\"shippingFeeDescription\":null},\"promisedDeliveryDateArea\":{\"contents\":[{\"text\":\"내일(수) \",\"size\":14,\"color\":\"#008C00\",\"bold\":false},{\"text\":\"도착 보장\",\"size\":14,\"color\":\"#008C00\",\"bold\":false}]},\"reviewArea\":{\"ratingAverage\":4.5,\"ratingCount\":130,\"ratingRatio\":90},\"rluxBrandNameArea\":{\"show\":false,\"badgeImage\":null,\"brandName\":null,\"rluxAuthText\":null},\"rocketArea\":{\"badgeImage\":{\"iconUrl\":\"https://image6.coupangcdn.com/image/cmg/icon/ios/logo_rocket_large@3x.png\"},\"show\":true},\"sequence\":6,\"shippingInfoArea\":null,\"snsDiscountRate\":-1,\"soldoutArea\":{\"soldOutText\":\"일시품절\",\"soldout\":false},\"subscriptionPriceArea\":null,\"topBrandArea\":null,\"usedProductArea\":{\"usedProductInfo\":[{\"bold\":null,\"text\":\"새 상품\"},{\"bold\":null,\"text\":\", \"},{\"bold\":null,\"text\":\"반품-미개봉\"},{\"bold\":true,\"text\":\" (2)\"}],\"usedProductPrice\":[{\"bold\":null,\"text\":\"최저\"},{\"bold\":true,\"text\":\"31,090\"},{\"bold\":null,\"text\":\"원\"}]},\"vendorItemId\":84641985853,\"wowOnlyInstantDiscountRate\":-1,\"bestArea\":{\"sequence\":-1,\"show\":false}},{\"adBadgeArea\":{\"sponsored\":false,\"adzerkLog\":null,\"showSeparator\":true},\"badgeReorder\":false,\"benefitBadgeArea\":{\"badgeAreaContents\":[]},\"bizOnlyArea\":null,\"cashBackArea\":{\"iconUrl\":\"https://image6.coupangcdn.com/image/badges/cashback/web/list-cash-icon@2x.png\",\"cashRewardText\":\"최대 2,310원 적립\"},\"ccidArea\":null,\"ccidEligible\":false,\"couPickArea\":null,\"couponNudgeStyle\":null,\"couponNudgeText\":null,\"couponTagArea\":null,\"deliveryBadgeArea\":{\"badgeAreaContents\":[{\"css\":\"\",\"title\":\"무료배송\",\"id\":\"FREE_SHIPPING\",\"discountInfo\":null,\"freeDeliveryStandard\":null}]},\"deliverySpeedBadgeArea\":null,\"eligibleFalconArea\":null,\"emptyCcidAndCashback\":false,\"globalArea\":{\"badgeImage\":null,\"show\":false},\"handymanArea\":null,\"imageAndTitleArea\":{\"defaultUrl\":\"//thumbnail7.coupangcdn.com/thumbnails/remote/320x320ex/image/vendor_inventory/561d/5c0cbb231a725ef4c918b5ef8485223e6db7d978fdf8eb9eb62106cfcd5d.jpg\",\"title\":\"키리모찌 이나리 아게모치 맛소금 기름아게 잘라낸 떡 안주 과자 진미, 키리모찌 이나리 아게모치 맛소금 기름아게 잘라낸 떡 안\"},\"index\":{\"deliveryInfo\":{\"finalFreeShipOverAmountEx\":{\"amount\":0}},\"freebie\":null,\"itemId\":25552692325,\"soldOutReason\":null,\"unitPrice\":null},\"isCeCategory\":false,\"labelArea\":{\"labelAreaContents\":[],\"todayClose\":false},\"legacyProductId\":8781978697,\"link\":\"/vp/products/8781978697?itemId=25552692325\u0026vendorItemId=92544133692\u0026q=일본과자\u0026searchId=afc562b78792054\u0026sourceType=search\u0026itemsCount=36\u0026searchRank=43\u0026rank=43\",\"luxuryNudgeText\":null,\"priceArea\":{\"basePrice\":\"0\",\"discountRate\":0,\"i18nOriginalPrice\":{\"amount\":\"0\",\"rawAmount\":null,\"fractionDigits\":0,\"currency\":\"KRW\"},\"i18nSalesPrice\":{\"amount\":\"46200\",\"rawAmount\":null,\"fractionDigits\":0,\"currency\":\"KRW\"},\"instantDiscountDescription\":\"\",\"price\":\"46,200\",\"shippingFeeDescription\":null},\"promisedDeliveryDateArea\":{\"contents\":[{\"text\":\"6/26 \",\"size\":14,\"color\":\"#212B36\",\"bold\":false},{\"text\":\"도착 예정\",\"size\":14,\"color\":\"#212B36\",\"bold\":false}]},\"reviewArea\":null,\"rluxBrandNameArea\":{\"show\":false,\"badgeImage\":null,\"brandName\":null,\"rluxAuthText\":null},\"rocketArea\":{\"badgeImage\":{\"iconUrl\":\"\"},\"show\":false},\"sequence\":7,\"shippingInfoArea\":null,\"snsDiscountRate\":-1,\"soldoutArea\":{\"soldOutText\":\"품절\",\"soldout\":false},\"subscriptionPriceArea\":null,\"topBrandArea\":null,\"vendorItemId\":92544133692,\"wowOnlyInstantDiscountRate\":-1,\"bestArea\":{\"sequence\":-1,\"show\":false}},{\"adBadgeArea\":{\"sponsored\":false,\"adzerkLog\":null,\"showSeparator\":false},\"badgeReorder\":false,\"benefitBadgeArea\":{\"badgeAreaContents\":[]},\"bizOnlyArea\":null,\"cashBackArea\":{\"iconUrl\":\"https://image6.coupangcdn.com/image/badges/cashback/web/list-cash-icon@2x.png\",\"cashRewardText\":\"최대 330원 적립\"},\"ccidArea\":null,\"ccidEligible\":false,\"couPickArea\":null,\"couponNudgeStyle\":null,\"couponNudgeText\":null,\"couponTagArea\":null,\"deliveryBadgeArea\":{\"badgeAreaContents\":[]},\"deliverySpeedBadgeArea\":null,\"eligibleFalconArea\":null,\"emptyCcidAndCashback\":false,\"globalArea\":{\"badgeImage\":null,\"show\":false},\"handymanArea\":null,\"imageAndTitleArea\":{\"defaultUrl\":\"//thumbnail9.coupangcdn.com/thumbnails/remote/320x320ex/image/vendor_inventory/1cf4/503753290327c14ad8bd5ee0412a35323dcb1d801383a16cfc816acf7c8e.jpg\",\"title\":\"밤긴돈 밤만쥬, 300g, 1개\"},\"index\":{\"deliveryInfo\":{\"finalFreeShipOverAmountEx\":{\"amount\":19800}},\"freebie\":null,\"itemId\":18889528059,\"soldOutReason\":null,\"unitPrice\":{\"amount\":10,\"extendedPrice\":{\"money\":{\"amount\":220,\"currency\":\"KRW\"},\"offset\":0},\"priceEx\":{\"amount\":220,\"currency\":\"KRW\"},\"unit\":\"g\"}},\"isCeCategory\":false,\"labelArea\":{\"labelAreaContents\":[],\"todayClose\":false},\"legacyProductId\":7109736565,\"link\":\"/vp/products/7109736565?itemId=18889528059\u0026vendorItemId=84084786093\u0026q=일본과자\u0026searchId=afc562b78792054\u0026sourceType=search\u0026itemsCount=36\u0026searchRank=44\u0026rank=44\",\"luxuryNudgeText\":null,\"priceArea\":{\"basePrice\":\"0\",\"discountRate\":0,\"i18nOriginalPrice\":{\"amount\":\"0\",\"rawAmount\":null,\"fractionDigits\":0,\"currency\":\"KRW\"},\"i18nSalesPrice\":{\"amount\":\"6600\",\"rawAmount\":null,\"fractionDigits\":0,\"currency\":\"KRW\"},\"instantDiscountDescription\":\"\",\"price\":\"6,600\",\"shippingFeeDescription\":null},\"promisedDeliveryDateArea\":{\"contents\":[{\"text\":\"내일(수) \",\"size\":14,\"color\":\"#008C00\",\"bold\":false},{\"text\":\"도착 보장\",\"size\":14,\"color\":\"#008C00\",\"bold\":false}]},\"reviewArea\":{\"ratingAverage\":4.5,\"ratingCount\":1616,\"ratingRatio\":90},\"rluxBrandNameArea\":{\"show\":false,\"badgeImage\":null,\"brandName\":null,\"rluxAuthText\":null},\"rocketArea\":{\"badgeImage\":{\"iconUrl\":\"https://image6.coupangcdn.com/image/cmg/icon/ios/logo_rocket_large@3x.png\"},\"show\":true},\"sequence\":8,\"shippingInfoArea\":null,\"snsDiscountRate\":-1,\"soldoutArea\":{\"soldOutText\":\"일시품절\",\"soldout\":false},\"subscriptionPriceArea\":null,\"topBrandArea\":null,\"vendorItemId\":84084786093,\"wowOnlyInstantDiscountRate\":-1,\"bestArea\":{\"sequence\":-1,\"show\":false}},{\"adBadgeArea\":{\"sponsored\":false,\"adzerkLog\":null,\"showSeparator\":false},\"badgeReorder\":false,\"benefitBadgeArea\":{\"badgeAreaContents\":[]},\"bizOnlyArea\":null,\"cashBackArea\":{\"iconUrl\":\"https://image6.coupangcdn.com/image/badges/cashback/web/list-cash-icon@2x.png\",\"cashRewardText\":\"최대 260원 적립\"},\"ccidArea\":null,\"ccidEligible\":false,\"couPickArea\":null,\"couponNudgeStyle\":null,\"couponNudgeText\":null,\"couponTagArea\":null,\"deliveryBadgeArea\":{\"badgeAreaContents\":[]},\"deliverySpeedBadgeArea\":null,\"eligibleFalconArea\":null,\"emptyCcidAndCashback\":false,\"globalArea\":{\"badgeImage\":null,\"show\":false},\"handymanArea\":null,\"imageAndTitleArea\":{\"defaultUrl\":\"//thumbnail7.coupangcdn.com/thumbnails/remote/320x320ex/image/1025_amir_coupang_oct_80k/ffb5/5f2802177fea561b2ddc1281ee0ef3fcd4fb9d4eb349f932f8c8f6b28438.jpg\",\"title\":\"슈퍼비비가 크리스피 10가지 야채맛 비스킷, 288g, 1개\"},\"index\":{\"deliveryInfo\":{\"finalFreeShipOverAmountEx\":{\"amount\":19800}},\"freebie\":null,\"itemId\":20922792412,\"soldOutReason\":null,\"unitPrice\":{\"amount\":10,\"extendedPrice\":{\"money\":{\"amount\":181,\"currency\":\"KRW\"},\"offset\":0},\"priceEx\":{\"amount\":181,\"currency\":\"KRW\"},\"unit\":\"g\"}},\"isCeCategory\":false,\"labelArea\":{\"labelAreaContents\":[],\"todayClose\":false},\"legacyProductId\":6976086727,\"link\":\"/vp/products/6976086727?itemId=20922792412\u0026vendorItemId=85006354415\u0026q=일본과자\u0026searchId=afc562b78792054\u0026sourceType=search\u0026itemsCount=36\u0026searchRank=45\u0026rank=45\",\"luxuryNudgeText\":null,\"priceArea\":{\"basePrice\":\"0\",\"discountRate\":0,\"i18nOriginalPrice\":{\"amount\":\"0\",\"rawAmount\":null,\"fractionDigits\":0,\"currency\":\"KRW\"},\"i18nSalesPrice\":{\"amount\":\"5200\",\"rawAmount\":null,\"fractionDigits\":0,\"currency\":\"KRW\"},\"instantDiscountDescription\":\"\",\"price\":\"5,200\",\"shippingFeeDescription\":null},\"promisedDeliveryDateArea\":{\"contents\":[{\"text\":\"내일(수) \",\"size\":14,\"color\":\"#008C00\",\"bold\":false},{\"text\":\"도착 보장\",\"size\":14,\"color\":\"#008C00\",\"bold\":false}]},\"reviewArea\":{\"ratingAverage\":4.5,\"ratingCount\":2262,\"ratingRatio\":90},\"rluxBrandNameArea\":{\"show\":false,\"badgeImage\":null,\"brandName\":null,\"rluxAuthText\":null},\"rocketArea\":{\"badgeImage\":{\"iconUrl\":\"https://image6.coupangcdn.com/image/cmg/icon/ios/logo_rocket_large@3x.png\"},\"show\":true},\"sequence\":9,\"shippingInfoArea\":null,\"snsDiscountRate\":-1,\"soldoutArea\":{\"soldOutText\":\"일시품절\",\"soldout\":false},\"subscriptionPriceArea\":null,\"topBrandArea\":null,\"vendorItemId\":85006354415,\"wowOnlyInstantDiscountRate\":-1,\"bestArea\":{\"sequence\":-1,\"show\":false}},{\"adBadgeArea\":{\"sponsored\":true,\"adzerkLog\":{\"clickLogUri\":\"https://mercury.coupang.com/e.gif?r=78fd8430-407f-11f0-95e5-ab13a374cd31%7E3\u0026korePlacement=15\u0026koreSubPlacement=47\",\"impressionLogUri\":\"https://mercury.coupang.com/e.gif?r=78fd8430-407f-11f0-95e5-ab13a374cd31%7E1\u0026korePlacement=15\u0026koreSubPlacement=47\",\"viewImpression\":\"https://mercury.coupang.com/e.gif?r=78fd8430-407f-11f0-95e5-ab13a374cd31%7E2\u0026korePlacement=15\u0026koreSubPlacement=47\",\"feedsId\":\"\",\"eventId\":\"78fd8430-407f-11f0-95e5-ab13a374cd31\"},\"showSeparator\":false},\"badgeReorder\":false,\"benefitBadgeArea\":{\"badgeAreaContents\":[]},\"bizOnlyArea\":null,\"cashBackArea\":{\"iconUrl\":\"https://image6.coupangcdn.com/image/badges/cashback/web/list-cash-icon@2x.png\",\"cashRewardText\":\"최대 2,400원 적립\"},\"ccidArea\":null,\"ccidEligible\":false,\"couPickArea\":null,\"couponNudgeStyle\":null,\"couponNudgeText\":null,\"couponTagArea\":null,\"deliveryBadgeArea\":{\"badgeAreaContents\":[]},\"deliverySpeedBadgeArea\":null,\"eligibleFalconArea\":null,\"emptyCcidAndCashback\":false,\"globalArea\":{\"badgeImage\":null,\"show\":false},\"handymanArea\":null,\"imageAndTitleArea\":{\"defaultUrl\":\"//thumbnail9.coupangcdn.com/thumbnails/remote/320x320ex/image/retail/images/2022/12/26/15/5/05a21894-0adc-4710-b473-e3a026fa7ae2.jpg\",\"title\":\"코끼리 와우 더블롤 김스낵 오리지널, 25g, 12개\"},\"index\":{\"deliveryInfo\":{\"finalFreeShipOverAmountEx\":{\"amount\":19800}},\"freebie\":null,\"itemId\":17305098717,\"soldOutReason\":null,\"unitPrice\":{\"amount\":10,\"extendedPrice\":{\"money\":{\"amount\":1600,\"currency\":\"KRW\"},\"offset\":0},\"priceEx\":{\"amount\":1600,\"currency\":\"KRW\"},\"unit\":\"g\"}},\"isCeCategory\":false,\"labelArea\":{\"labelAreaContents\":[],\"todayClose\":false},\"legacyProductId\":7043185522,\"link\":\"/vp/products/7043185522?itemId=17305098717\u0026vendorItemId=84475989667\u0026sourceType=srp_product_ads\u0026clickEventId=78fd8430-407f-11f0-95e5-ab13a374cd31\u0026korePlacement=15\u0026koreSubPlacement=47\u0026clickEventId=78fd8430-407f-11f0-95e5-ab13a374cd31\u0026korePlacement=15\u0026koreSubPlacement=47\",\"luxuryNudgeText\":null,\"priceArea\":{\"basePrice\":\"0\",\"discountRate\":0,\"i18nOriginalPrice\":{\"amount\":\"0\",\"rawAmount\":null,\"fractionDigits\":0,\"currency\":\"KRW\"},\"i18nSalesPrice\":{\"amount\":\"48000\",\"rawAmount\":null,\"fractionDigits\":0,\"currency\":\"KRW\"},\"instantDiscountDescription\":\"\",\"price\":\"48,000\",\"shippingFeeDescription\":null},\"promisedDeliveryDateArea\":{\"contents\":[{\"text\":\"내일(수) \",\"size\":14,\"color\":\"#008C00\",\"bold\":false},{\"text\":\"도착 보장\",\"size\":14,\"color\":\"#008C00\",\"bold\":false}]},\"reviewArea\":{\"ratingAverage\":4.5,\"ratingCount\":412,\"ratingRatio\":90},\"rluxBrandNameArea\":{\"show\":false,\"badgeImage\":null,\"brandName\":null,\"rluxAuthText\":null},\"rocketArea\":{\"badgeImage\":{\"iconUrl\":\"https://image6.coupangcdn.com/image/cmg/icon/ios/logo_rocket_large@3x.png\"},\"show\":true},\"sequence\":10,\"shippingInfoArea\":null,\"snsDiscountRate\":-1,\"soldoutArea\":{\"soldOutText\":\"일시품절\",\"soldout\":false},\"subscriptionPriceArea\":null,\"topBrandArea\":null,\"vendorItemId\":84475989667,\"wowOnlyInstantDiscountRate\":-1,\"bestArea\":{\"sequence\":-1,\"show\":false}},{\"adBadgeArea\":{\"sponsored\":false,\"adzerkLog\":null,\"showSeparator\":false},\"badgeReorder\":false,\"benefitBadgeArea\":{\"badgeAreaContents\":[]},\"bizOnlyArea\":null,\"cashBackArea\":{\"iconUrl\":\"https://image6.coupangcdn.com/image/badges/cashback/web/list-cash-icon@2x.png\",\"cashRewardText\":\"최대 186원 적립\"},\"ccidArea\":null,\"ccidEligible\":false,\"couPickArea\":null,\"couponNudgeStyle\":null,\"couponNudgeText\":null,\"couponTagArea\":null,\"deliveryBadgeArea\":{\"badgeAreaContents\":[]},\"deliverySpeedBadgeArea\":null,\"eligibleFalconArea\":null,\"emptyCcidAndCashback\":false,\"globalArea\":{\"badgeImage\":null,\"show\":false},\"handymanArea\":null,\"imageAndTitleArea\":{\"defaultUrl\":\"//thumbnail7.coupangcdn.com/thumbnails/remote/320x320ex/image/retail/images/123906770252302-4f14b01d-5ecc-4066-8df6-7cb27dd86212.jpg\",\"title\":\"블랙썬더 유라쿠 딸기썬더 미니바, 1개, 116g\"},\"index\":{\"deliveryInfo\":{\"finalFreeShipOverAmountEx\":{\"amount\":19800}},\"freebie\":null,\"itemId\":21343424562,\"soldOutReason\":null,\"unitPrice\":{\"amount\":10,\"extendedPrice\":{\"money\":{\"amount\":321,\"currency\":\"KRW\"},\"offset\":0},\"priceEx\":{\"amount\":321,\"currency\":\"KRW\"},\"unit\":\"g\"}},\"isCeCategory\":false,\"labelArea\":{\"labelAreaContents\":[],\"todayClose\":false},\"legacyProductId\":7722924224,\"link\":\"/vp/products/7722924224?itemId=21343424562\u0026vendorItemId=88401281739\u0026q=일본과자\u0026searchId=afc562b78792054\u0026sourceType=search\u0026itemsCount=36\u0026searchRank=47\u0026rank=47\",\"luxuryNudgeText\":null,\"priceArea\":{\"basePrice\":\"0\",\"discountRate\":0,\"i18nOriginalPrice\":{\"amount\":\"0\",\"rawAmount\":null,\"fractionDigits\":0,\"currency\":\"KRW\"},\"i18nSalesPrice\":{\"amount\":\"3720\",\"rawAmount\":null,\"fractionDigits\":0,\"currency\":\"KRW\"},\"instantDiscountDescription\":\"\",\"price\":\"3,720\",\"shippingFeeDescription\":null},\"promisedDeliveryDateArea\":{\"contents\":[{\"text\":\"내일(수) \",\"size\":14,\"color\":\"#008C00\",\"bold\":false},{\"text\":\"도착 보장\",\"size\":14,\"color\":\"#008C00\",\"bold\":false}]},\"reviewArea\":{\"ratingAverage\":4.5,\"ratingCount\":46,\"ratingRatio\":90},\"rluxBrandNameArea\":{\"show\":false,\"badgeImage\":null,\"brandName\":null,\"rluxAuthText\":null},\"rocketArea\":{\"badgeImage\":{\"iconUrl\":\"https://image6.coupangcdn.com/image/cmg/icon/ios/logo_rocket_large@3x.png\"},\"show\":true},\"sequence\":11,\"shippingInfoArea\":null,\"snsDiscountRate\":-1,\"soldoutArea\":{\"soldOutText\":\"일시품절\",\"soldout\":false},\"subscriptionPriceArea\":null,\"topBrandArea\":null,\"vendorItemId\":88401281739,\"wowOnlyInstantDiscountRate\":-1,\"bestArea\":{\"sequence\":-1,\"show\":false}},{\"adBadgeArea\":{\"sponsored\":true,\"adzerkLog\":{\"clickLogUri\":\"https://mercury.coupang.com/e.gif?r=78fd8430-407f-11f0-bfd1-c3d45ca14632%7E3\u0026korePlacement=15\u0026koreSubPlacement=49\",\"impressionLogUri\":\"https://mercury.coupang.com/e.gif?r=78fd8430-407f-11f0-bfd1-c3d45ca14632%7E1\u0026korePlacement=15\u0026koreSubPlacement=49\",\"viewImpression\":\"https://mercury.coupang.com/e.gif?r=78fd8430-407f-11f0-bfd1-c3d45ca14632%7E2\u0026korePlacement=15\u0026koreSubPlacement=49\",\"feedsId\":\"\",\"eventId\":\"78fd8430-407f-11f0-bfd1-c3d45ca14632\"},\"showSeparator\":true},\"badgeReorder\":false,\"benefitBadgeArea\":{\"badgeAreaContents\":[]},\"bizOnlyArea\":null,\"cashBackArea\":{\"iconUrl\":\"https://image6.coupangcdn.com/image/badges/cashback/web/list-cash-icon@2x.png\",\"cashRewardText\":\"최대 891원 적립\"},\"ccidArea\":null,\"ccidEligible\":false,\"couPickArea\":null,\"couponNudgeStyle\":null,\"couponNudgeText\":null,\"couponTagArea\":null,\"deliveryBadgeArea\":{\"badgeAreaContents\":[{\"css\":\"\",\"title\":\"무료배송\",\"id\":\"FREE_SHIPPING\",\"discountInfo\":null,\"freeDeliveryStandard\":null}]},\"deliverySpeedBadgeArea\":null,\"eligibleFalconArea\":null,\"emptyCcidAndCashback\":false,\"globalArea\":{\"badgeImage\":null,\"show\":false},\"handymanArea\":null,\"imageAndTitleArea\":{\"defaultUrl\":\"//thumbnail10.coupangcdn.com/thumbnails/remote/320x320ex/image/vendor_inventory/9719/084d65fed67ae849b17e420e00cb286378569fde0950d67dea4df88d07e0.png\",\"title\":\"신코 돈도아게 큐수간장맛 3봉+흑설탕땅콩맛 3봉 (총6봉), 58g, 6개\"},\"index\":{\"deliveryInfo\":{\"finalFreeShipOverAmountEx\":{\"amount\":0}},\"freebie\":null,\"itemId\":25438297769,\"soldOutReason\":null,\"unitPrice\":{\"amount\":10,\"extendedPrice\":{\"money\":{\"amount\":569,\"currency\":\"KRW\"},\"offset\":0},\"priceEx\":{\"amount\":569,\"currency\":\"KRW\"},\"unit\":\"g\"}},\"isCeCategory\":false,\"labelArea\":{\"labelAreaContents\":[],\"todayClose\":false},\"legacyProductId\":8750610173,\"link\":\"/vp/products/8750610173?itemId=25438297769\u0026vendorItemId=92431215424\u0026sourceType=srp_product_ads\u0026clickEventId=78fd8430-407f-11f0-bfd1-c3d45ca14632\u0026korePlacement=15\u0026koreSubPlacement=49\u0026clickEventId=78fd8430-407f-11f0-bfd1-c3d45ca14632\u0026korePlacement=15\u0026koreSubPlacement=49\",\"luxuryNudgeText\":null,\"priceArea\":{\"basePrice\":\"24,900\",\"discountRate\":20,\"i18nOriginalPrice\":{\"amount\":\"24900\",\"rawAmount\":null,\"fractionDigits\":0,\"currency\":\"KRW\"},\"i18nSalesPrice\":{\"amount\":\"19800\",\"rawAmount\":null,\"fractionDigits\":0,\"currency\":\"KRW\"},\"instantDiscountDescription\":\"\",\"price\":\"19,800\",\"shippingFeeDescription\":null},\"promisedDeliveryDateArea\":{\"contents\":[{\"text\":\"모레(목) \",\"size\":14,\"color\":\"#212B36\",\"bold\":false},{\"text\":\"도착 예정\",\"size\":14,\"color\":\"#212B36\",\"bold\":false}]},\"reviewArea\":{\"ratingAverage\":5,\"ratingCount\":10,\"ratingRatio\":100},\"rluxBrandNameArea\":{\"show\":false,\"badgeImage\":null,\"brandName\":null,\"rluxAuthText\":null},\"rocketArea\":{\"badgeImage\":{\"iconUrl\":\"\"},\"show\":false},\"sequence\":12,\"shippingInfoArea\":null,\"snsDiscountRate\":-1,\"soldoutArea\":{\"soldOutText\":\"품절\",\"soldout\":false},\"subscriptionPriceArea\":null,\"topBrandArea\":null,\"vendorItemId\":92431215424,\"wowOnlyInstantDiscountRate\":-1,\"bestArea\":{\"sequence\":-1,\"show\":false}},{\"adBadgeArea\":{\"sponsored\":false,\"adzerkLog\":null,\"showSeparator\":true},\"badgeReorder\":false,\"benefitBadgeArea\":{\"badgeAreaContents\":[]},\"bizOnlyArea\":null,\"cashBackArea\":{\"iconUrl\":\"https://image6.coupangcdn.com/image/badges/cashback/web/list-cash-icon@2x.png\",\"cashRewardText\":\"최대 11,009원 적립\"},\"ccidArea\":null,\"ccidEligible\":false,\"couPickArea\":null,\"couponNudgeStyle\":null,\"couponNudgeText\":null,\"couponTagArea\":null,\"deliveryBadgeArea\":{\"badgeAreaContents\":[{\"css\":\"\",\"title\":\"무료배송\",\"id\":\"FREE_SHIPPING\",\"discountInfo\":null,\"freeDeliveryStandard\":null}]},\"deliverySpeedBadgeArea\":null,\"eligibleFalconArea\":null,\"emptyCcidAndCashback\":false,\"globalArea\":{\"badgeImage\":null,\"show\":false},\"handymanArea\":null,\"imageAndTitleArea\":{\"defaultUrl\":\"//thumbnail8.coupangcdn.com/thumbnails/remote/320x320ex/image/vendor_inventory/9318/485b94ff59d958aa22a04ad327feac553b6a972be4b5b9d1c433894b3045.jpg\",\"title\":\"일본사탕 화이트 데이 2025 사탕 과자 홍차 반환 SAKUSAKU 먹는 화과자 교의 공방 이와이 제과, [01] 복숭아, 1개\"},\"index\":{\"deliveryInfo\":{\"finalFreeShipOverAmountEx\":{\"amount\":0}},\"freebie\":null,\"itemId\":25084378862,\"soldOutReason\":null,\"unitPrice\":{\"amount\":1,\"extendedPrice\":{\"money\":{\"amount\":220180,\"currency\":\"KRW\"},\"offset\":0},\"priceEx\":{\"amount\":220180,\"currency\":\"KRW\"},\"unit\":\"개\"}},\"isCeCategory\":false,\"labelArea\":{\"labelAreaContents\":[],\"todayClose\":false},\"legacyProductId\":8650763826,\"link\":\"/vp/products/8650763826?itemId=25084378862\u0026vendorItemId=92088237211\u0026q=일본과자\u0026searchId=afc562b78792054\u0026sourceType=search\u0026itemsCount=36\u0026searchRank=49\u0026rank=49\",\"luxuryNudgeText\":null,\"priceArea\":{\"basePrice\":\"0\",\"discountRate\":0,\"i18nOriginalPrice\":{\"amount\":\"0\",\"rawAmount\":null,\"fractionDigits\":0,\"currency\":\"KRW\"},\"i18nSalesPrice\":{\"amount\":\"220180\",\"rawAmount\":null,\"fractionDigits\":0,\"currency\":\"KRW\"},\"instantDiscountDescription\":\"\",\"price\":\"220,180\",\"shippingFeeDescription\":null},\"promisedDeliveryDateArea\":{\"contents\":[{\"text\":\"6/11 \",\"size\":14,\"color\":\"#212B36\",\"bold\":false},{\"text\":\"도착 예정\",\"size\":14,\"color\":\"#212B36\",\"bold\":false}]},\"reviewArea\":null,\"rluxBrandNameArea\":{\"show\":false,\"badgeImage\":null,\"brandName\":null,\"rluxAuthText\":null},\"rocketArea\":{\"badgeImage\":{\"iconUrl\":\"\"},\"show\":false},\"sequence\":13,\"shippingInfoArea\":null,\"snsDiscountRate\":-1,\"soldoutArea\":{\"soldOutText\":\"품절\",\"soldout\":false},\"subscriptionPriceArea\":null,\"topBrandArea\":null,\"vendorItemId\":92088237211,\"wowOnlyInstantDiscountRate\":-1,\"bestArea\":{\"sequence\":-1,\"show\":false}},{\"adBadgeArea\":{\"sponsored\":false,\"adzerkLog\":null,\"showSeparator\":true},\"badgeReorder\":false,\"benefitBadgeArea\":{\"badgeAreaContents\":[]},\"bizOnlyArea\":null,\"cashBackArea\":{\"iconUrl\":\"https://image6.coupangcdn.com/image/badges/cashback/web/list-cash-icon@2x.png\",\"cashRewardText\":\"최대 600원 적립\"},\"ccidArea\":null,\"ccidEligible\":false,\"couPickArea\":null,\"couponNudgeStyle\":null,\"couponNudgeText\":null,\"couponTagArea\":null,\"deliveryBadgeArea\":{\"badgeAreaContents\":[{\"css\":\"\",\"title\":\"무료배송\",\"id\":\"FREE_SHIPPING\",\"discountInfo\":null,\"freeDeliveryStandard\":null}]},\"deliverySpeedBadgeArea\":null,\"eligibleFalconArea\":null,\"emptyCcidAndCashback\":false,\"globalArea\":{\"badgeImage\":null,\"show\":false},\"handymanArea\":null,\"imageAndTitleArea\":{\"defaultUrl\":\"//thumbnail9.coupangcdn.com/thumbnails/remote/320x320ex/image/vendor_inventory/955d/746f0ed370fdcd5d956f6946e6c2dd3d5bff59194968785773cf820dc888.png\",\"title\":\"부르봉 알포트 미니 딸기 초콜릿 55g (4개 묶음) 일본 초콜릿 쿠키, 4개\"},\"index\":{\"deliveryInfo\":{\"finalFreeShipOverAmountEx\":{\"amount\":0}},\"freebie\":null,\"itemId\":21729293558,\"soldOutReason\":null,\"unitPrice\":{\"amount\":10,\"extendedPrice\":{\"money\":{\"amount\":545,\"currency\":\"KRW\"},\"offset\":0},\"priceEx\":{\"amount\":545,\"currency\":\"KRW\"},\"unit\":\"g\"}},\"isCeCategory\":false,\"labelArea\":{\"labelAreaContents\":[],\"todayClose\":false},\"legacyProductId\":7136014002,\"link\":\"/vp/products/7136014002?itemId=21729293558\u0026vendorItemId=89154326460\u0026q=일본과자\u0026searchId=afc562b78792054\u0026sourceType=search\u0026itemsCount=36\u0026searchRank=50\u0026rank=50\",\"luxuryNudgeText\":null,\"priceArea\":{\"basePrice\":\"0\",\"discountRate\":0,\"i18nOriginalPrice\":{\"amount\":\"0\",\"rawAmount\":null,\"fractionDigits\":0,\"currency\":\"KRW\"},\"i18nSalesPrice\":{\"amount\":\"12000\",\"rawAmount\":null,\"fractionDigits\":0,\"currency\":\"KRW\"},\"instantDiscountDescription\":\"\",\"price\":\"12,000\",\"shippingFeeDescription\":null},\"promisedDeliveryDateArea\":{\"contents\":[{\"text\":\"6/7(토) \",\"size\":14,\"color\":\"#212B36\",\"bold\":false},{\"text\":\"도착 예정\",\"size\":14,\"color\":\"#212B36\",\"bold\":false}]},\"reviewArea\":{\"ratingAverage\":4.5,\"ratingCount\":331,\"ratingRatio\":90},\"rluxBrandNameArea\":{\"show\":false,\"badgeImage\":null,\"brandName\":null,\"rluxAuthText\":null},\"rocketArea\":{\"badgeImage\":{\"iconUrl\":\"\"},\"show\":false},\"sequence\":14,\"shippingInfoArea\":null,\"snsDiscountRate\":-1,\"soldoutArea\":{\"soldOutText\":\"품절\",\"soldout\":false},\"subscriptionPriceArea\":null,\"topBrandArea\":null,\"vendorItemId\":89154326460,\"wowOnlyInstantDiscountRate\":-1,\"bestArea\":{\"sequence\":-1,\"show\":false}},{\"adBadgeArea\":{\"sponsored\":false,\"adzerkLog\":null,\"showSeparator\":false},\"badgeReorder\":false,\"benefitBadgeArea\":{\"badgeAreaContents\":[]},\"bizOnlyArea\":null,\"cashBackArea\":{\"iconUrl\":\"https://image6.coupangcdn.com/image/badges/cashback/web/list-cash-icon@2x.png\",\"cashRewardText\":\"최대 500원 적립\"},\"ccidArea\":null,\"ccidEligible\":false,\"couPickArea\":null,\"couponNudgeStyle\":null,\"couponNudgeText\":null,\"couponTagArea\":null,\"deliveryBadgeArea\":{\"badgeAreaContents\":[]},\"deliverySpeedBadgeArea\":null,\"eligibleFalconArea\":null,\"emptyCcidAndCashback\":false,\"globalArea\":{\"badgeImage\":null,\"show\":false},\"handymanArea\":null,\"imageAndTitleArea\":{\"defaultUrl\":\"//thumbnail10.coupangcdn.com/thumbnails/remote/320x320ex/image/retail/images/51812339015321-7bcb36d6-50ff-4d1c-8a74-ea2c66498745.jpg\",\"title\":\"스낵하우스 그린피스 와사비 스낵, 380g, 2개\"},\"index\":{\"deliveryInfo\":{\"finalFreeShipOverAmountEx\":{\"amount\":19800}},\"freebie\":null,\"itemId\":18741630835,\"soldOutReason\":null,\"unitPrice\":{\"amount\":10,\"extendedPrice\":{\"money\":{\"amount\":131,\"currency\":\"KRW\"},\"offset\":0},\"priceEx\":{\"amount\":131,\"currency\":\"KRW\"},\"unit\":\"g\"}},\"isCeCategory\":false,\"labelArea\":{\"labelAreaContents\":[],\"todayClose\":false},\"legacyProductId\":6091616113,\"link\":\"/vp/products/6091616113?itemId=18741630835\u0026vendorItemId=85873894012\u0026q=일본과자\u0026searchId=afc562b78792054\u0026sourceType=search\u0026itemsCount=36\u0026searchRank=51\u0026rank=51\",\"luxuryNudgeText\":null,\"priceArea\":{\"basePrice\":\"0\",\"discountRate\":0,\"i18nOriginalPrice\":{\"amount\":\"0\",\"rawAmount\":null,\"fractionDigits\":0,\"currency\":\"KRW\"},\"i18nSalesPrice\":{\"amount\":\"9990\",\"rawAmount\":null,\"fractionDigits\":0,\"currency\":\"KRW\"},\"instantDiscountDescription\":\"\",\"price\":\"9,990\",\"shippingFeeDescription\":null},\"promisedDeliveryDateArea\":{\"contents\":[{\"text\":\"내일(수) \",\"size\":14,\"color\":\"#008C00\",\"bold\":false},{\"text\":\"도착 보장\",\"size\":14,\"color\":\"#008C00\",\"bold\":false}]},\"reviewArea\":{\"ratingAverage\":4.5,\"ratingCount\":9544,\"ratingRatio\":90},\"rluxBrandNameArea\":{\"show\":false,\"badgeImage\":null,\"brandName\":null,\"rluxAuthText\":null},\"rocketArea\":{\"badgeImage\":{\"iconUrl\":\"https://image6.coupangcdn.com/image/cmg/icon/ios/logo_rocket_large@3x.png\"},\"show\":true},\"sequence\":15,\"shippingInfoArea\":null,\"snsDiscountRate\":-1,\"soldoutArea\":{\"soldOutText\":\"일시품절\",\"soldout\":false},\"subscriptionPriceArea\":null,\"topBrandArea\":null,\"vendorItemId\":85873894012,\"wowOnlyInstantDiscountRate\":-1,\"bestArea\":{\"sequence\":-1,\"show\":false}},{\"adBadgeArea\":{\"sponsored\":false,\"adzerkLog\":null,\"showSeparator\":false},\"badgeReorder\":false,\"benefitBadgeArea\":{\"badgeAreaContents\":[]},\"bizOnlyArea\":null,\"cashBackArea\":{\"iconUrl\":\"https://image6.coupangcdn.com/image/badges/cashback/web/list-cash-icon@2x.png\",\"cashRewardText\":\"최대 199원 적립\"},\"ccidArea\":null,\"ccidEligible\":false,\"couPickArea\":null,\"couponNudgeStyle\":null,\"couponNudgeText\":null,\"couponTagArea\":null,\"deliveryBadgeArea\":{\"badgeAreaContents\":[]},\"deliverySpeedBadgeArea\":null,\"eligibleFalconArea\":null,\"emptyCcidAndCashback\":false,\"globalArea\":{\"badgeImage\":null,\"show\":false},\"handymanArea\":null,\"imageAndTitleArea\":{\"defaultUrl\":\"//thumbnail8.coupangcdn.com/thumbnails/remote/320x320ex/image/retail/images/2024/04/15/18/7/8fe9aaa2-c0dc-479c-905f-dbc99f0b38ac.jpg\",\"title\":\"카바야 사쿠사쿠 팬더 초코 비스킷, 1개, 47g\"},\"index\":{\"deliveryInfo\":{\"finalFreeShipOverAmountEx\":{\"amount\":19800}},\"freebie\":null,\"itemId\":22188540998,\"soldOutReason\":null,\"unitPrice\":{\"amount\":10,\"extendedPrice\":{\"money\":{\"amount\":847,\"currency\":\"KRW\"},\"offset\":0},\"priceEx\":{\"amount\":847,\"currency\":\"KRW\"},\"unit\":\"g\"}},\"isCeCategory\":false,\"labelArea\":{\"labelAreaContents\":[],\"todayClose\":false},\"legacyProductId\":7987101753,\"link\":\"/vp/products/7987101753?itemId=22188540998\u0026vendorItemId=89509667502\u0026q=일본과자\u0026searchId=afc562b78792054\u0026sourceType=search\u0026itemsCount=36\u0026searchRank=52\u0026rank=52\",\"luxuryNudgeText\":null,\"priceArea\":{\"basePrice\":\"0\",\"discountRate\":0,\"i18nOriginalPrice\":{\"amount\":\"0\",\"rawAmount\":null,\"fractionDigits\":0,\"currency\":\"KRW\"},\"i18nSalesPrice\":{\"amount\":\"3980\",\"rawAmount\":null,\"fractionDigits\":0,\"currency\":\"KRW\"},\"instantDiscountDescription\":\"\",\"price\":\"3,980\",\"shippingFeeDescription\":null},\"promisedDeliveryDateArea\":{\"contents\":[{\"text\":\"내일(수) \",\"size\":14,\"color\":\"#008C00\",\"bold\":false},{\"text\":\"도착 보장\",\"size\":14,\"color\":\"#008C00\",\"bold\":false}]},\"reviewArea\":{\"ratingAverage\":4,\"ratingCount\":52,\"ratingRatio\":80},\"rluxBrandNameArea\":{\"show\":false,\"badgeImage\":null,\"brandName\":null,\"rluxAuthText\":null},\"rocketArea\":{\"badgeImage\":{\"iconUrl\":\"https://image6.coupangcdn.com/image/cmg/icon/ios/logo_rocket_large@3x.png\"},\"show\":true},\"sequence\":16,\"shippingInfoArea\":null,\"snsDiscountRate\":-1,\"soldoutArea\":{\"soldOutText\":\"일시품절\",\"soldout\":false},\"subscriptionPriceArea\":null,\"topBrandArea\":null,\"usedProductArea\":{\"usedProductInfo\":[{\"bold\":null,\"text\":\"새 상품\"},{\"bold\":null,\"text\":\", \"},{\"bold\":null,\"text\":\"반품-미개봉\"},{\"bold\":true,\"text\":\" (3)\"}],\"usedProductPrice\":[{\"bold\":null,\"text\":\"최저\"},{\"bold\":true,\"text\":\"3,200\"},{\"bold\":null,\"text\":\"원\"}]},\"vendorItemId\":89509667502,\"wowOnlyInstantDiscountRate\":-1,\"bestArea\":{\"sequence\":-1,\"show\":false}},{\"adBadgeArea\":{\"sponsored\":false,\"adzerkLog\":null,\"showSeparator\":true},\"badgeReorder\":false,\"benefitBadgeArea\":{\"badgeAreaContents\":[]},\"bizOnlyArea\":null,\"cashBackArea\":{\"iconUrl\":\"https://image6.coupangcdn.com/image/badges/cashback/web/list-cash-icon@2x.png\",\"cashRewardText\":\"최대 495원 적립\"},\"ccidArea\":null,\"ccidEligible\":false,\"couPickArea\":null,\"couponNudgeStyle\":null,\"couponNudgeText\":null,\"couponTagArea\":null,\"deliveryBadgeArea\":{\"badgeAreaContents\":[{\"css\":\"\",\"title\":\"무료배송\",\"id\":\"FREE_SHIPPING\",\"discountInfo\":null,\"freeDeliveryStandard\":null}]},\"deliverySpeedBadgeArea\":null,\"eligibleFalconArea\":null,\"emptyCcidAndCashback\":false,\"globalArea\":{\"badgeImage\":null,\"show\":false},\"handymanArea\":null,\"imageAndTitleArea\":{\"defaultUrl\":\"//thumbnail9.coupangcdn.com/thumbnails/remote/320x320ex/image/vendor_inventory/69f5/deb2236b2ee8413cadea4c26d66cd34dfb07a6d13fa1ab0b6b6fe9ee6614.png\",\"title\":\"부르봉 블란츌 10입 (화이트 랑그드샤) 일본 초콜릿 비스킷 브란츄르, 78g, 3개\"},\"index\":{\"deliveryInfo\":{\"finalFreeShipOverAmountEx\":{\"amount\":0}},\"freebie\":null,\"itemId\":22635672803,\"soldOutReason\":null,\"unitPrice\":{\"amount\":10,\"extendedPrice\":{\"money\":{\"amount\":423,\"currency\":\"KRW\"},\"offset\":0},\"priceEx\":{\"amount\":423,\"currency\":\"KRW\"},\"unit\":\"g\"}},\"isCeCategory\":false,\"labelArea\":{\"labelAreaContents\":[],\"todayClose\":false},\"legacyProductId\":7842293887,\"link\":\"/vp/products/7842293887?itemId=22635672803\u0026vendorItemId=89676849362\u0026q=일본과자\u0026searchId=afc562b78792054\u0026sourceType=search\u0026itemsCount=36\u0026searchRank=53\u0026rank=53\",\"luxuryNudgeText\":null,\"priceArea\":{\"basePrice\":\"14,900\",\"discountRate\":33,\"i18nOriginalPrice\":{\"amount\":\"14900\",\"rawAmount\":null,\"fractionDigits\":0,\"currency\":\"KRW\"},\"i18nSalesPrice\":{\"amount\":\"9900\",\"rawAmount\":null,\"fractionDigits\":0,\"currency\":\"KRW\"},\"instantDiscountDescription\":\"\",\"price\":\"9,900\",\"shippingFeeDescription\":null},\"promisedDeliveryDateArea\":{\"contents\":[{\"text\":\"6/7(토) \",\"size\":14,\"color\":\"#212B36\",\"bold\":false},{\"text\":\"도착 예정\",\"size\":14,\"color\":\"#212B36\",\"bold\":false}]},\"reviewArea\":{\"ratingAverage\":5,\"ratingCount\":365,\"ratingRatio\":100},\"rluxBrandNameArea\":{\"show\":false,\"badgeImage\":null,\"brandName\":null,\"rluxAuthText\":null},\"rocketArea\":{\"badgeImage\":{\"iconUrl\":\"\"},\"show\":false},\"sequence\":17,\"shippingInfoArea\":null,\"snsDiscountRate\":-1,\"soldoutArea\":{\"soldOutText\":\"품절\",\"soldout\":false},\"subscriptionPriceArea\":null,\"topBrandArea\":null,\"vendorItemId\":89676849362,\"wowOnlyInstantDiscountRate\":-1,\"bestArea\":{\"sequence\":-1,\"show\":false}},{\"adBadgeArea\":{\"sponsored\":false,\"adzerkLog\":null,\"showSeparator\":true},\"badgeReorder\":false,\"benefitBadgeArea\":{\"badgeAreaContents\":[]},\"bizOnlyArea\":null,\"cashBackArea\":{\"iconUrl\":\"https://image6.coupangcdn.com/image/badges/cashback/web/list-cash-icon@2x.png\",\"cashRewardText\":\"최대 1,425원 적립\"},\"ccidArea\":null,\"ccidEligible\":false,\"couPickArea\":null,\"couponNudgeStyle\":null,\"couponNudgeText\":null,\"couponTagArea\":null,\"deliveryBadgeArea\":{\"badgeAreaContents\":[{\"css\":\"\",\"title\":\"무료배송\",\"id\":\"FREE_SHIPPING\",\"discountInfo\":null,\"freeDeliveryStandard\":null}]},\"deliverySpeedBadgeArea\":null,\"eligibleFalconArea\":null,\"emptyCcidAndCashback\":false,\"globalArea\":{\"badgeImage\":null,\"show\":false},\"handymanArea\":null,\"imageAndTitleArea\":{\"defaultUrl\":\"//thumbnail9.coupangcdn.com/thumbnails/remote/320x320ex/image/vendor_inventory/102b/642d58e479a47e2b160c821cd337abbe6e911a1392ff43460ab65d76ab92.jpg\",\"title\":\"뛰어난 스글 SD 빅 커츠 1장x30개 세트 일본 막과자, 뛰어난 스글 SD 빅 커츠 1장x30개 세트 일본 막과, 30개\"},\"index\":{\"deliveryInfo\":{\"finalFreeShipOverAmountEx\":{\"amount\":0}},\"freebie\":null,\"itemId\":25523190981,\"soldOutReason\":null,\"unitPrice\":null},\"isCeCategory\":false,\"labelArea\":{\"labelAreaContents\":[],\"todayClose\":false},\"legacyProductId\":8773860914,\"link\":\"/vp/products/8773860914?itemId=25523190981\u0026vendorItemId=92515014936\u0026q=일본과자\u0026searchId=afc562b78792054\u0026sourceType=search\u0026itemsCount=36\u0026searchRank=54\u0026rank=54\",\"luxuryNudgeText\":null,\"priceArea\":{\"basePrice\":\"0\",\"discountRate\":0,\"i18nOriginalPrice\":{\"amount\":\"0\",\"rawAmount\":null,\"fractionDigits\":0,\"currency\":\"KRW\"},\"i18nSalesPrice\":{\"amount\":\"28500\",\"rawAmount\":null,\"fractionDigits\":0,\"currency\":\"KRW\"},\"instantDiscountDescription\":\"\",\"price\":\"28,500\",\"shippingFeeDescription\":null},\"promisedDeliveryDateArea\":{\"contents\":[{\"text\":\"6/18 \",\"size\":14,\"color\":\"#212B36\",\"bold\":false},{\"text\":\"도착 예정\",\"size\":14,\"color\":\"#212B36\",\"bold\":false}]},\"reviewArea\":null,\"rluxBrandNameArea\":{\"show\":false,\"badgeImage\":null,\"brandName\":null,\"rluxAuthText\":null},\"rocketArea\":{\"badgeImage\":{\"iconUrl\":\"\"},\"show\":false},\"sequence\":18,\"shippingInfoArea\":null,\"snsDiscountRate\":-1,\"soldoutArea\":{\"soldOutText\":\"품절\",\"soldout\":false},\"subscriptionPriceArea\":null,\"topBrandArea\":null,\"vendorItemId\":92515014936,\"wowOnlyInstantDiscountRate\":-1,\"bestArea\":{\"sequence\":-1,\"show\":false}},{\"adBadgeArea\":{\"sponsored\":false,\"adzerkLog\":null,\"showSeparator\":false},\"badgeReorder\":false,\"benefitBadgeArea\":{\"badgeAreaContents\":[]},\"bizOnlyArea\":null,\"cashBackArea\":{\"iconUrl\":\"https://image6.coupangcdn.com/image/badges/cashback/web/list-cash-icon@2x.png\",\"cashRewardText\":\"최대 237원 적립\"},\"ccidArea\":null,\"ccidEligible\":false,\"couPickArea\":null,\"couponNudgeStyle\":null,\"couponNudgeText\":null,\"couponTagArea\":null,\"deliveryBadgeArea\":{\"badgeAreaContents\":[]},\"deliverySpeedBadgeArea\":null,\"eligibleFalconArea\":null,\"emptyCcidAndCashback\":false,\"globalArea\":{\"badgeImage\":null,\"show\":false},\"handymanArea\":null,\"imageAndTitleArea\":{\"defaultUrl\":\"//thumbnail10.coupangcdn.com/thumbnails/remote/320x320ex/image/vendor_inventory/5ce8/f623478c7467b497b8e416f6ee126bb818afd33b7e0c27b0d5acf851e18b.jpg\",\"title\":\"부르본 바닐라향 로안느, 113g, 1개\"},\"index\":{\"deliveryInfo\":{\"finalFreeShipOverAmountEx\":{\"amount\":19800}},\"freebie\":null,\"itemId\":19987400396,\"soldOutReason\":null,\"unitPrice\":{\"amount\":10,\"extendedPrice\":{\"money\":{\"amount\":419,\"currency\":\"KRW\"},\"offset\":0},\"priceEx\":{\"amount\":419,\"currency\":\"KRW\"},\"unit\":\"g\"}},\"isCeCategory\":false,\"labelArea\":{\"labelAreaContents\":[],\"todayClose\":false},\"legacyProductId\":6947711532,\"link\":\"/vp/products/6947711532?itemId=19987400396\u0026vendorItemId=87778765526\u0026q=일본과자\u0026searchId=afc562b78792054\u0026sourceType=search\u0026itemsCount=36\u0026searchRank=55\u0026rank=55\",\"luxuryNudgeText\":null,\"priceArea\":{\"basePrice\":\"5,980\",\"discountRate\":20,\"i18nOriginalPrice\":{\"amount\":\"5980\",\"rawAmount\":null,\"fractionDigits\":0,\"currency\":\"KRW\"},\"i18nSalesPrice\":{\"amount\":\"4740\",\"rawAmount\":null,\"fractionDigits\":0,\"currency\":\"KRW\"},\"instantDiscountDescription\":\"할인\",\"price\":\"4,740\",\"shippingFeeDescription\":null},\"promisedDeliveryDateArea\":{\"contents\":[{\"text\":\"내일(수) \",\"size\":14,\"color\":\"#008C00\",\"bold\":false},{\"text\":\"도착 보장\",\"size\":14,\"color\":\"#008C00\",\"bold\":false}]},\"reviewArea\":{\"ratingAverage\":5,\"ratingCount\":3114,\"ratingRatio\":100},\"rluxBrandNameArea\":{\"show\":false,\"badgeImage\":null,\"brandName\":null,\"rluxAuthText\":null},\"rocketArea\":{\"badgeImage\":{\"iconUrl\":\"https://image6.coupangcdn.com/image/cmg/icon/ios/logo_rocket_large@3x.png\"},\"show\":true},\"sequence\":19,\"shippingInfoArea\":null,\"snsDiscountRate\":-1,\"soldoutArea\":{\"soldOutText\":\"일시품절\",\"soldout\":false},\"subscriptionPriceArea\":null,\"topBrandArea\":null,\"vendorItemId\":87778765526,\"wowOnlyInstantDiscountRate\":-1,\"bestArea\":{\"sequence\":-1,\"show\":false}},{\"adBadgeArea\":{\"sponsored\":true,\"adzerkLog\":{\"clickLogUri\":\"https://mercury.coupang.com/e.gif?r=78fd8430-407f-11f0-8b4a-dbcfe7c3bf77%7E3\u0026korePlacement=15\u0026koreSubPlacement=57\",\"impressionLogUri\":\"https://mercury.coupang.com/e.gif?r=78fd8430-407f-11f0-8b4a-dbcfe7c3bf77%7E1\u0026korePlacement=15\u0026koreSubPlacement=57\",\"viewImpression\":\"https://mercury.coupang.com/e.gif?r=78fd8430-407f-11f0-8b4a-dbcfe7c3bf77%7E2\u0026korePlacement=15\u0026koreSubPlacement=57\",\"feedsId\":\"\",\"eventId\":\"78fd8430-407f-11f0-8b4a-dbcfe7c3bf77\"},\"showSeparator\":true},\"badgeReorder\":false,\"benefitBadgeArea\":{\"badgeAreaContents\":[]},\"bizOnlyArea\":null,\"cashBackArea\":{\"iconUrl\":\"https://image6.coupangcdn.com/image/badges/cashback/web/list-cash-icon@2x.png\",\"cashRewardText\":\"최대 760원 적립\"},\"ccidArea\":null,\"ccidEligible\":false,\"couPickArea\":null,\"couponNudgeStyle\":null,\"couponNudgeText\":null,\"couponTagArea\":null,\"deliveryBadgeArea\":{\"badgeAreaContents\":[{\"css\":\"\",\"title\":\"무료배송\",\"id\":\"FREE_SHIPPING\",\"discountInfo\":null,\"freeDeliveryStandard\":null}]},\"deliverySpeedBadgeArea\":null,\"eligibleFalconArea\":null,\"emptyCcidAndCashback\":false,\"globalArea\":{\"badgeImage\":null,\"show\":false},\"handymanArea\":null,\"imageAndTitleArea\":{\"defaultUrl\":\"//thumbnail10.coupangcdn.com/thumbnails/remote/320x320ex/image/vendor_inventory/5b28/abd7ddd4d786bfbbe3f1c69bf770bcba9278cc7b5d989a3dbcbd4f220c82.jpg\",\"title\":\"당연구소 현미유 카사바칩 저당 과자 간식, 10개, 40g\"},\"index\":{\"deliveryInfo\":{\"finalFreeShipOverAmountEx\":{\"amount\":0}},\"freebie\":null,\"itemId\":20922879209,\"soldOutReason\":null,\"unitPrice\":{\"amount\":10,\"extendedPrice\":{\"money\":{\"amount\":400,\"currency\":\"KRW\"},\"offset\":0},\"priceEx\":{\"amount\":400,\"currency\":\"KRW\"},\"unit\":\"g\"}},\"isCeCategory\":false,\"labelArea\":{\"labelAreaContents\":[],\"todayClose\":false},\"legacyProductId\":7759805082,\"link\":\"/vp/products/7759805082?itemId=20922879209\u0026vendorItemId=87989703914\u0026sourceType=srp_product_ads\u0026clickEventId=78fd8430-407f-11f0-8b4a-dbcfe7c3bf77\u0026korePlacement=15\u0026koreSubPlacement=57\u0026clickEventId=78fd8430-407f-11f0-8b4a-dbcfe7c3bf77\u0026korePlacement=15\u0026koreSubPlacement=57\",\"luxuryNudgeText\":null,\"priceArea\":{\"basePrice\":\"32,000\",\"discountRate\":50,\"i18nOriginalPrice\":{\"amount\":\"32000\",\"rawAmount\":null,\"fractionDigits\":0,\"currency\":\"KRW\"},\"i18nSalesPrice\":{\"amount\":\"16000\",\"rawAmount\":null,\"fractionDigits\":0,\"currency\":\"KRW\"},\"instantDiscountDescription\":\"\",\"price\":\"16,000\",\"shippingFeeDescription\":null},\"promisedDeliveryDateArea\":{\"contents\":[{\"text\":\"6/7(토) \",\"size\":14,\"color\":\"#212B36\",\"bold\":false},{\"text\":\"도착 예정\",\"size\":14,\"color\":\"#212B36\",\"bold\":false}]},\"reviewArea\":{\"ratingAverage\":4.5,\"ratingCount\":3769,\"ratingRatio\":90},\"rluxBrandNameArea\":{\"show\":false,\"badgeImage\":null,\"brandName\":null,\"rluxAuthText\":null},\"rocketArea\":{\"badgeImage\":{\"iconUrl\":\"\"},\"show\":false},\"sequence\":20,\"shippingInfoArea\":null,\"snsDiscountRate\":-1,\"soldoutArea\":{\"soldOutText\":\"품절\",\"soldout\":false},\"subscriptionPriceArea\":null,\"topBrandArea\":null,\"vendorItemId\":87989703914,\"wowOnlyInstantDiscountRate\":-1,\"bestArea\":{\"sequence\":-1,\"show\":false}},{\"adBadgeArea\":{\"sponsored\":false,\"adzerkLog\":null,\"showSeparator\":false},\"badgeReorder\":false,\"benefitBadgeArea\":{\"badgeAreaContents\":[]},\"bizOnlyArea\":null,\"cashBackArea\":{\"iconUrl\":\"https://image6.coupangcdn.com/image/badges/cashback/web/list-cash-icon@2x.png\",\"cashRewardText\":\"최대 329원 적립\"},\"ccidArea\":null,\"ccidEligible\":false,\"couPickArea\":null,\"couponNudgeStyle\":null,\"couponNudgeText\":null,\"couponTagArea\":null,\"deliveryBadgeArea\":{\"badgeAreaContents\":[]},\"deliverySpeedBadgeArea\":null,\"eligibleFalconArea\":null,\"emptyCcidAndCashback\":false,\"globalArea\":{\"badgeImage\":null,\"show\":false},\"handymanArea\":null,\"imageAndTitleArea\":{\"defaultUrl\":\"//thumbnail10.coupangcdn.com/thumbnails/remote/320x320ex/image/vendor_inventory/549f/a7f91820f756a0eeadf75daed85d1e4c2fb20b2584f3b883e8ecf08f4f7f.jpg\",\"title\":\"메이지 밀크 초콜릿 26p, 120g, 1개\"},\"index\":{\"deliveryInfo\":{\"finalFreeShipOverAmountEx\":{\"amount\":19800}},\"freebie\":null,\"itemId\":23901482257,\"soldOutReason\":null,\"unitPrice\":{\"amount\":10,\"extendedPrice\":{\"money\":{\"amount\":548,\"currency\":\"KRW\"},\"offset\":0},\"priceEx\":{\"amount\":548,\"currency\":\"KRW\"},\"unit\":\"g\"}},\"isCeCategory\":false,\"labelArea\":{\"labelAreaContents\":[],\"todayClose\":false},\"legacyProductId\":8288202717,\"link\":\"/vp/products/8288202717?itemId=23901482257\u0026vendorItemId=90924018804\u0026q=일본과자\u0026searchId=afc562b78792054\u0026sourceType=search\u0026itemsCount=36\u0026searchRank=57\u0026rank=57\",\"luxuryNudgeText\":null,\"priceArea\":{\"basePrice\":\"7,000\",\"discountRate\":6,\"i18nOriginalPrice\":{\"amount\":\"7000\",\"rawAmount\":null,\"fractionDigits\":0,\"currency\":\"KRW\"},\"i18nSalesPrice\":{\"amount\":\"6580\",\"rawAmount\":null,\"fractionDigits\":0,\"currency\":\"KRW\"},\"instantDiscountDescription\":\"\",\"price\":\"6,580\",\"shippingFeeDescription\":null},\"promisedDeliveryDateArea\":{\"contents\":[{\"text\":\"내일(수) \",\"size\":14,\"color\":\"#008C00\",\"bold\":false},{\"text\":\"도착 보장\",\"size\":14,\"color\":\"#008C00\",\"bold\":false}]},\"reviewArea\":{\"ratingAverage\":5,\"ratingCount\":26,\"ratingRatio\":100},\"rluxBrandNameArea\":{\"show\":false,\"badgeImage\":null,\"brandName\":null,\"rluxAuthText\":null},\"rocketArea\":{\"badgeImage\":{\"iconUrl\":\"https://image6.coupangcdn.com/image/cmg/icon/ios/logo_rocket_large@3x.png\"},\"show\":true},\"sequence\":21,\"shippingInfoArea\":null,\"snsDiscountRate\":-1,\"soldoutArea\":{\"soldOutText\":\"일시품절\",\"soldout\":false},\"subscriptionPriceArea\":null,\"topBrandArea\":null,\"vendorItemId\":90924018804,\"wowOnlyInstantDiscountRate\":-1,\"bestArea\":{\"sequence\":-1,\"show\":false}},{\"adBadgeArea\":{\"sponsored\":true,\"adzerkLog\":{\"clickLogUri\":\"https://mercury.coupang.com/e.gif?r=78fd8430-407f-11f0-8a87-46ace6683bff%7E3\u0026korePlacement=15\u0026koreSubPlacement=59\",\"impressionLogUri\":\"https://mercury.coupang.com/e.gif?r=78fd8430-407f-11f0-8a87-46ace6683bff%7E1\u0026korePlacement=15\u0026koreSubPlacement=59\",\"viewImpression\":\"https://mercury.coupang.com/e.gif?r=78fd8430-407f-11f0-8a87-46ace6683bff%7E2\u0026korePlacement=15\u0026koreSubPlacement=59\",\"feedsId\":\"\",\"eventId\":\"78fd8430-407f-11f0-8a87-46ace6683bff\"},\"showSeparator\":true},\"badgeReorder\":false,\"benefitBadgeArea\":{\"badgeAreaContents\":[]},\"bizOnlyArea\":null,\"cashBackArea\":{\"iconUrl\":\"https://image6.coupangcdn.com/image/badges/cashback/web/list-cash-icon@2x.png\",\"cashRewardText\":\"최대 1,425원 적립\"},\"ccidArea\":null,\"ccidEligible\":false,\"couPickArea\":null,\"couponNudgeStyle\":null,\"couponNudgeText\":null,\"couponTagArea\":null,\"deliveryBadgeArea\":{\"badgeAreaContents\":[{\"css\":\"\",\"title\":\"무료배송\",\"id\":\"FREE_SHIPPING\",\"discountInfo\":null,\"freeDeliveryStandard\":null}]},\"deliverySpeedBadgeArea\":null,\"eligibleFalconArea\":null,\"emptyCcidAndCashback\":false,\"globalArea\":{\"badgeImage\":null,\"show\":false},\"handymanArea\":null,\"imageAndTitleArea\":{\"defaultUrl\":\"//thumbnail7.coupangcdn.com/thumbnails/remote/320x320ex/image/vendor_inventory/bb9d/7db7a092ead15fc60fb04700c24a5c7308e51b1cd9fda4d8a0a5d0c70c7e.jpg\",\"title\":\"당연구소 현미유 카사바칩 저당 과자 간식, 20개, 40g\"},\"index\":{\"deliveryInfo\":{\"finalFreeShipOverAmountEx\":{\"amount\":0}},\"freebie\":null,\"itemId\":23653127713,\"soldOutReason\":null,\"unitPrice\":{\"amount\":10,\"extendedPrice\":{\"money\":{\"amount\":375,\"currency\":\"KRW\"},\"offset\":0},\"priceEx\":{\"amount\":375,\"currency\":\"KRW\"},\"unit\":\"g\"}},\"isCeCategory\":false,\"labelArea\":{\"labelAreaContents\":[],\"todayClose\":false},\"legacyProductId\":7759805082,\"link\":\"/vp/products/7759805082?itemId=23653127713\u0026vendorItemId=90678496516\u0026sourceType=srp_product_ads\u0026clickEventId=78fd8430-407f-11f0-8a87-46ace6683bff\u0026korePlacement=15\u0026koreSubPlacement=59\u0026clickEventId=78fd8430-407f-11f0-8a87-46ace6683bff\u0026korePlacement=15\u0026koreSubPlacement=59\",\"luxuryNudgeText\":null,\"priceArea\":{\"basePrice\":\"64,000\",\"discountRate\":53,\"i18nOriginalPrice\":{\"amount\":\"64000\",\"rawAmount\":null,\"fractionDigits\":0,\"currency\":\"KRW\"},\"i18nSalesPrice\":{\"amount\":\"30000\",\"rawAmount\":null,\"fractionDigits\":0,\"currency\":\"KRW\"},\"instantDiscountDescription\":\"\",\"price\":\"30,000\",\"shippingFeeDescription\":null},\"promisedDeliveryDateArea\":{\"contents\":[{\"text\":\"6/7(토) \",\"size\":14,\"color\":\"#212B36\",\"bold\":false},{\"text\":\"도착 예정\",\"size\":14,\"color\":\"#212B36\",\"bold\":false}]},\"reviewArea\":{\"ratingAverage\":4.5,\"ratingCount\":3769,\"ratingRatio\":90},\"rluxBrandNameArea\":{\"show\":false,\"badgeImage\":null,\"brandName\":null,\"rluxAuthText\":null},\"rocketArea\":{\"badgeImage\":{\"iconUrl\":\"\"},\"show\":false},\"sequence\":22,\"shippingInfoArea\":null,\"snsDiscountRate\":-1,\"soldoutArea\":{\"soldOutText\":\"품절\",\"soldout\":false},\"subscriptionPriceArea\":null,\"topBrandArea\":null,\"vendorItemId\":90678496516,\"wowOnlyInstantDiscountRate\":-1,\"bestArea\":{\"sequence\":-1,\"show\":false}},{\"adBadgeArea\":{\"sponsored\":true,\"adzerkLog\":{\"clickLogUri\":\"https://mercury.coupang.com/e.gif?r=78fd8430-407f-11f0-b80e-2226ab9d5c95%7E3\u0026korePlacement=15\u0026koreSubPlacement=60\",\"impressionLogUri\":\"https://mercury.coupang.com/e.gif?r=78fd8430-407f-11f0-b80e-2226ab9d5c95%7E1\u0026korePlacement=15\u0026koreSubPlacement=60\",\"viewImpression\":\"https://mercury.coupang.com/e.gif?r=78fd8430-407f-11f0-b80e-2226ab9d5c95%7E2\u0026korePlacement=15\u0026koreSubPlacement=60\",\"feedsId\":\"\",\"eventId\":\"78fd8430-407f-11f0-b80e-2226ab9d5c95\"},\"showSeparator\":true},\"badgeReorder\":false,\"benefitBadgeArea\":{\"badgeAreaContents\":[]},\"bizOnlyArea\":null,\"cashBackArea\":{\"iconUrl\":\"https://image6.coupangcdn.com/image/badges/cashback/web/list-cash-icon@2x.png\",\"cashRewardText\":\"최대 325원 적립\"},\"ccidArea\":null,\"ccidEligible\":false,\"couPickArea\":null,\"couponNudgeStyle\":null,\"couponNudgeText\":null,\"couponTagArea\":null,\"deliveryBadgeArea\":{\"badgeAreaContents\":[{\"css\":\"\",\"title\":\"조건부 무료배송\",\"id\":null,\"discountInfo\":null,\"freeDeliveryStandard\":null}]},\"deliverySpeedBadgeArea\":null,\"eligibleFalconArea\":null,\"emptyCcidAndCashback\":false,\"globalArea\":{\"badgeImage\":null,\"show\":false},\"handymanArea\":null,\"imageAndTitleArea\":{\"defaultUrl\":\"//thumbnail9.coupangcdn.com/thumbnails/remote/320x320ex/image/vendor_inventory/ebbe/19c8770005481b66c019bd396408a3b89dd89a6fb50b50ef97d6d4abc2da.jpg\",\"title\":\"카메다 쯔마미타네 120g, 1개\"},\"index\":{\"deliveryInfo\":{\"finalFreeShipOverAmountEx\":{\"amount\":30000}},\"freebie\":null,\"itemId\":20921242547,\"soldOutReason\":null,\"unitPrice\":{\"amount\":10,\"extendedPrice\":{\"money\":{\"amount\":542,\"currency\":\"KRW\"},\"offset\":0},\"priceEx\":{\"amount\":542,\"currency\":\"KRW\"},\"unit\":\"g\"}},\"isCeCategory\":false,\"labelArea\":{\"labelAreaContents\":[],\"todayClose\":false},\"legacyProductId\":7154465706,\"link\":\"/vp/products/7154465706?itemId=20921242547\u0026vendorItemId=78882965268\u0026sourceType=srp_product_ads\u0026clickEventId=78fd8430-407f-11f0-b80e-2226ab9d5c95\u0026korePlacement=15\u0026koreSubPlacement=60\u0026clickEventId=78fd8430-407f-11f0-b80e-2226ab9d5c95\u0026korePlacement=15\u0026koreSubPlacement=60\",\"luxuryNudgeText\":null,\"priceArea\":{\"basePrice\":\"0\",\"discountRate\":0,\"i18nOriginalPrice\":{\"amount\":\"0\",\"rawAmount\":null,\"fractionDigits\":0,\"currency\":\"KRW\"},\"i18nSalesPrice\":{\"amount\":\"6500\",\"rawAmount\":null,\"fractionDigits\":0,\"currency\":\"KRW\"},\"instantDiscountDescription\":\"\",\"price\":\"6,500\",\"shippingFeeDescription\":\"배송비 3,000원\"},\"promisedDeliveryDateArea\":{\"contents\":[{\"text\":\"모레(목) \",\"size\":14,\"color\":\"#212B36\",\"bold\":false},{\"text\":\"도착 예정\",\"size\":14,\"color\":\"#212B36\",\"bold\":false}]},\"reviewArea\":{\"ratingAverage\":4.5,\"ratingCount\":154,\"ratingRatio\":90},\"rluxBrandNameArea\":{\"show\":false,\"badgeImage\":null,\"brandName\":null,\"rluxAuthText\":null},\"rocketArea\":{\"badgeImage\":{\"iconUrl\":\"\"},\"show\":false},\"sequence\":23,\"shippingInfoArea\":null,\"snsDiscountRate\":-1,\"soldoutArea\":{\"soldOutText\":\"품절\",\"soldout\":false},\"subscriptionPriceArea\":null,\"topBrandArea\":null,\"vendorItemId\":78882965268,\"wowOnlyInstantDiscountRate\":-1,\"bestArea\":{\"sequence\":-1,\"show\":false}},{\"adBadgeArea\":{\"sponsored\":false,\"adzerkLog\":null,\"showSeparator\":false},\"badgeReorder\":false,\"benefitBadgeArea\":{\"badgeAreaContents\":[]},\"bizOnlyArea\":null,\"cashBackArea\":{\"iconUrl\":\"https://image6.coupangcdn.com/image/badges/cashback/web/list-cash-icon@2x.png\",\"cashRewardText\":\"최대 245원 적립\"},\"ccidArea\":null,\"ccidEligible\":false,\"couPickArea\":null,\"couponNudgeStyle\":null,\"couponNudgeText\":null,\"couponTagArea\":null,\"deliveryBadgeArea\":{\"badgeAreaContents\":[]},\"deliverySpeedBadgeArea\":null,\"eligibleFalconArea\":null,\"emptyCcidAndCashback\":false,\"globalArea\":{\"badgeImage\":null,\"show\":false},\"handymanArea\":null,\"imageAndTitleArea\":{\"defaultUrl\":\"//thumbnail8.coupangcdn.com/thumbnails/remote/320x320ex/image/retail/images/2025/04/30/9/6/fcd43d51-15d3-4960-b65e-4e8933e61e28.jpg\",\"title\":\"야마와키제과 카린토, 1개, 117g\"},\"index\":{\"deliveryInfo\":{\"finalFreeShipOverAmountEx\":{\"amount\":19800}},\"freebie\":null,\"itemId\":25422864202,\"soldOutReason\":null,\"unitPrice\":{\"amount\":10,\"extendedPrice\":{\"money\":{\"amount\":420,\"currency\":\"KRW\"},\"offset\":0},\"priceEx\":{\"amount\":420,\"currency\":\"KRW\"},\"unit\":\"g\"}},\"isCeCategory\":false,\"labelArea\":{\"labelAreaContents\":[],\"todayClose\":false},\"legacyProductId\":8293587796,\"link\":\"/vp/products/8293587796?itemId=25422864202\u0026vendorItemId=92416040473\u0026q=일본과자\u0026searchId=afc562b78792054\u0026sourceType=search\u0026itemsCount=36\u0026searchRank=60\u0026rank=60\",\"luxuryNudgeText\":null,\"priceArea\":{\"basePrice\":\"5,460\",\"discountRate\":10,\"i18nOriginalPrice\":{\"amount\":\"5460\",\"rawAmount\":null,\"fractionDigits\":0,\"currency\":\"KRW\"},\"i18nSalesPrice\":{\"amount\":\"4910\",\"rawAmount\":null,\"fractionDigits\":0,\"currency\":\"KRW\"},\"instantDiscountDescription\":\"할인\",\"price\":\"4,910\",\"shippingFeeDescription\":null},\"promisedDeliveryDateArea\":{\"contents\":[{\"text\":\"내일(수) \",\"size\":14,\"color\":\"#008C00\",\"bold\":false},{\"text\":\"도착 보장\",\"size\":14,\"color\":\"#008C00\",\"bold\":false}]},\"reviewArea\":{\"ratingAverage\":5,\"ratingCount\":93,\"ratingRatio\":100},\"rluxBrandNameArea\":{\"show\":false,\"badgeImage\":null,\"brandName\":null,\"rluxAuthText\":null},\"rocketArea\":{\"badgeImage\":{\"iconUrl\":\"https://image6.coupangcdn.com/image/cmg/icon/ios/logo_rocket_large@3x.png\"},\"show\":true},\"sequence\":24,\"shippingInfoArea\":null,\"snsDiscountRate\":-1,\"soldoutArea\":{\"soldOutText\":\"일시품절\",\"soldout\":false},\"subscriptionPriceArea\":null,\"topBrandArea\":null,\"vendorItemId\":92416040473,\"wowOnlyInstantDiscountRate\":-1,\"bestArea\":{\"sequence\":-1,\"show\":false}},{\"adBadgeArea\":{\"sponsored\":false,\"adzerkLog\":null,\"showSeparator\":false},\"badgeReorder\":false,\"benefitBadgeArea\":{\"badgeAreaContents\":[]},\"bizOnlyArea\":null,\"cashBackArea\":{\"iconUrl\":\"https://image6.coupangcdn.com/image/badges/cashback/web/list-cash-icon@2x.png\",\"cashRewardText\":\"최대 316원 적립\"},\"ccidArea\":null,\"ccidEligible\":false,\"couPickArea\":null,\"couponNudgeStyle\":null,\"couponNudgeText\":null,\"couponTagArea\":null,\"deliveryBadgeArea\":{\"badgeAreaContents\":[]},\"deliverySpeedBadgeArea\":null,\"eligibleFalconArea\":null,\"emptyCcidAndCashback\":false,\"globalArea\":{\"badgeImage\":null,\"show\":false},\"handymanArea\":null,\"imageAndTitleArea\":{\"defaultUrl\":\"//thumbnail10.coupangcdn.com/thumbnails/remote/320x320ex/image/retail/images/474928302977732-e5f279e0-9d9f-41d2-aedb-e38c2a7445f2.jpg\",\"title\":\"후지야 컨트리맘 초코마미레, 1개, 117g\"},\"index\":{\"deliveryInfo\":{\"finalFreeShipOverAmountEx\":{\"amount\":19800}},\"freebie\":null,\"itemId\":22932056956,\"soldOutReason\":null,\"unitPrice\":{\"amount\":10,\"extendedPrice\":{\"money\":{\"amount\":540,\"currency\":\"KRW\"},\"offset\":0},\"priceEx\":{\"amount\":540,\"currency\":\"KRW\"},\"unit\":\"g\"}},\"isCeCategory\":false,\"labelArea\":{\"labelAreaContents\":[],\"todayClose\":false},\"legacyProductId\":8103851344,\"link\":\"/vp/products/8103851344?itemId=22932056956\u0026vendorItemId=88821909167\u0026q=일본과자\u0026searchId=afc562b78792054\u0026sourceType=search\u0026itemsCount=36\u0026searchRank=61\u0026rank=61\",\"luxuryNudgeText\":null,\"priceArea\":{\"basePrice\":\"0\",\"discountRate\":0,\"i18nOriginalPrice\":{\"amount\":\"0\",\"rawAmount\":null,\"fractionDigits\":0,\"currency\":\"KRW\"},\"i18nSalesPrice\":{\"amount\":\"6320\",\"rawAmount\":null,\"fractionDigits\":0,\"currency\":\"KRW\"},\"instantDiscountDescription\":\"\",\"price\":\"6,320\",\"shippingFeeDescription\":null},\"promisedDeliveryDateArea\":{\"contents\":[{\"text\":\"내일(수) \",\"size\":14,\"color\":\"#008C00\",\"bold\":false},{\"text\":\"도착 보장\",\"size\":14,\"color\":\"#008C00\",\"bold\":false}]},\"reviewArea\":{\"ratingAverage\":5,\"ratingCount\":45,\"ratingRatio\":100},\"rluxBrandNameArea\":{\"show\":false,\"badgeImage\":null,\"brandName\":null,\"rluxAuthText\":null},\"rocketArea\":{\"badgeImage\":{\"iconUrl\":\"https://image6.coupangcdn.com/image/cmg/icon/ios/logo_rocket_large@3x.png\"},\"show\":true},\"sequence\":25,\"shippingInfoArea\":null,\"snsDiscountRate\":-1,\"soldoutArea\":{\"soldOutText\":\"일시품절\",\"soldout\":false},\"subscriptionPriceArea\":null,\"topBrandArea\":null,\"vendorItemId\":88821909167,\"wowOnlyInstantDiscountRate\":-1,\"bestArea\":{\"sequence\":-1,\"show\":false}},{\"adBadgeArea\":{\"sponsored\":false,\"adzerkLog\":null,\"showSeparator\":true},\"badgeReorder\":false,\"benefitBadgeArea\":{\"badgeAreaContents\":[]},\"bizOnlyArea\":null,\"cashBackArea\":{\"iconUrl\":\"https://image6.coupangcdn.com/image/badges/cashback/web/list-cash-icon@2x.png\",\"cashRewardText\":\"최대 1,445원 적립\"},\"ccidArea\":null,\"ccidEligible\":false,\"couPickArea\":null,\"couponNudgeStyle\":null,\"couponNudgeText\":null,\"couponTagArea\":null,\"deliveryBadgeArea\":{\"badgeAreaContents\":[{\"css\":\"\",\"title\":\"무료배송\",\"id\":\"FREE_SHIPPING\",\"discountInfo\":null,\"freeDeliveryStandard\":null}]},\"deliverySpeedBadgeArea\":null,\"eligibleFalconArea\":null,\"emptyCcidAndCashback\":false,\"globalArea\":{\"badgeImage\":null,\"show\":false},\"handymanArea\":null,\"imageAndTitleArea\":{\"defaultUrl\":\"//thumbnail8.coupangcdn.com/thumbnails/remote/320x320ex/image/vendor_inventory/bc5f/4dff53dc13da50accec58bc098b1cf2a8ab54db0deb15d4bfcf232676cb0.jpeg\",\"title\":\"소이조이 블루베리 스트로베리 애플 아몬드초콜릿 후루츠\u0026베이크드치즈 스위트포테이토 마카다미아\u0026레몬 바나나 12개입, 1개\"},\"index\":{\"deliveryInfo\":{\"finalFreeShipOverAmountEx\":{\"amount\":0}},\"freebie\":null,\"itemId\":25285839108,\"soldOutReason\":null,\"unitPrice\":null},\"isCeCategory\":false,\"labelArea\":{\"labelAreaContents\":[],\"todayClose\":false},\"legacyProductId\":8706664771,\"link\":\"/vp/products/8706664771?itemId=25285839108\u0026vendorItemId=92281361738\u0026q=일본과자\u0026searchId=afc562b78792054\u0026sourceType=search\u0026itemsCount=36\u0026searchRank=62\u0026rank=62\",\"luxuryNudgeText\":null,\"priceArea\":{\"basePrice\":\"39,900\",\"discountRate\":27,\"i18nOriginalPrice\":{\"amount\":\"39900\",\"rawAmount\":null,\"fractionDigits\":0,\"currency\":\"KRW\"},\"i18nSalesPrice\":{\"amount\":\"28900\",\"rawAmount\":null,\"fractionDigits\":0,\"currency\":\"KRW\"},\"instantDiscountDescription\":\"\",\"price\":\"28,900\",\"shippingFeeDescription\":null},\"promisedDeliveryDateArea\":{\"contents\":[{\"text\":\"6/11 \",\"size\":14,\"color\":\"#212B36\",\"bold\":false},{\"text\":\"도착 예정\",\"size\":14,\"color\":\"#212B36\",\"bold\":false}]},\"reviewArea\":null,\"rluxBrandNameArea\":{\"show\":false,\"badgeImage\":null,\"brandName\":null,\"rluxAuthText\":null},\"rocketArea\":{\"badgeImage\":{\"iconUrl\":\"\"},\"show\":false},\"sequence\":26,\"shippingInfoArea\":null,\"snsDiscountRate\":-1,\"soldoutArea\":{\"soldOutText\":\"품절\",\"soldout\":false},\"subscriptionPriceArea\":null,\"topBrandArea\":null,\"vendorItemId\":92281361738,\"wowOnlyInstantDiscountRate\":-1,\"bestArea\":{\"sequence\":-1,\"show\":false}},{\"adBadgeArea\":{\"sponsored\":false,\"adzerkLog\":null,\"showSeparator\":false},\"badgeReorder\":false,\"benefitBadgeArea\":{\"badgeAreaContents\":[]},\"bizOnlyArea\":null,\"cashBackArea\":{\"iconUrl\":\"https://image6.coupangcdn.com/image/badges/cashback/web/list-cash-icon@2x.png\",\"cashRewardText\":\"최대 250원 적립\"},\"ccidArea\":null,\"ccidEligible\":false,\"couPickArea\":null,\"couponNudgeStyle\":null,\"couponNudgeText\":null,\"couponTagArea\":null,\"deliveryBadgeArea\":{\"badgeAreaContents\":[]},\"deliverySpeedBadgeArea\":null,\"eligibleFalconArea\":null,\"emptyCcidAndCashback\":false,\"globalArea\":{\"badgeImage\":null,\"show\":false},\"handymanArea\":null,\"imageAndTitleArea\":{\"defaultUrl\":\"//thumbnail7.coupangcdn.com/thumbnails/remote/320x320ex/image/vendor_inventory/18c5/edb2ae451f78f0715e032d62c99bd16d09de04534e00ff5473e1d86610ec.jpg\",\"title\":\"쿠보타 딸기 찹쌀떡, 113g, 1개\"},\"index\":{\"deliveryInfo\":{\"finalFreeShipOverAmountEx\":{\"amount\":19800}},\"freebie\":null,\"itemId\":20174061054,\"soldOutReason\":null,\"unitPrice\":{\"amount\":10,\"extendedPrice\":{\"money\":{\"amount\":442,\"currency\":\"KRW\"},\"offset\":0},\"priceEx\":{\"amount\":442,\"currency\":\"KRW\"},\"unit\":\"g\"}},\"isCeCategory\":false,\"labelArea\":{\"labelAreaContents\":[],\"todayClose\":false},\"legacyProductId\":7614444039,\"link\":\"/vp/products/7614444039?itemId=20174061054\u0026vendorItemId=87878906544\u0026q=일본과자\u0026searchId=afc562b78792054\u0026sourceType=search\u0026itemsCount=36\u0026searchRank=63\u0026rank=63\",\"luxuryNudgeText\":null,\"priceArea\":{\"basePrice\":\"0\",\"discountRate\":0,\"i18nOriginalPrice\":{\"amount\":\"0\",\"rawAmount\":null,\"fractionDigits\":0,\"currency\":\"KRW\"},\"i18nSalesPrice\":{\"amount\":\"4990\",\"rawAmount\":null,\"fractionDigits\":0,\"currency\":\"KRW\"},\"instantDiscountDescription\":\"\",\"price\":\"4,990\",\"shippingFeeDescription\":null},\"promisedDeliveryDateArea\":{\"contents\":[{\"text\":\"내일(수) \",\"size\":14,\"color\":\"#008C00\",\"bold\":false},{\"text\":\"도착 보장\",\"size\":14,\"color\":\"#008C00\",\"bold\":false}]},\"reviewArea\":{\"ratingAverage\":4.5,\"ratingCount\":248,\"ratingRatio\":90},\"rluxBrandNameArea\":{\"show\":false,\"badgeImage\":null,\"brandName\":null,\"rluxAuthText\":null},\"rocketArea\":{\"badgeImage\":{\"iconUrl\":\"https://image6.coupangcdn.com/image/cmg/icon/ios/logo_rocket_large@3x.png\"},\"show\":true},\"sequence\":27,\"shippingInfoArea\":null,\"snsDiscountRate\":-1,\"soldoutArea\":{\"soldOutText\":\"일시품절\",\"soldout\":false},\"subscriptionPriceArea\":null,\"topBrandArea\":null,\"vendorItemId\":87878906544,\"wowOnlyInstantDiscountRate\":-1,\"bestArea\":{\"sequence\":-1,\"show\":false}},{\"adBadgeArea\":{\"sponsored\":false,\"adzerkLog\":null,\"showSeparator\":false},\"badgeReorder\":false,\"benefitBadgeArea\":{\"badgeAreaContents\":[]},\"bizOnlyArea\":null,\"cashBackArea\":{\"iconUrl\":\"https://image6.coupangcdn.com/image/badges/cashback/web/list-cash-icon@2x.png\",\"cashRewardText\":\"최대 216원 적립\"},\"ccidArea\":null,\"ccidEligible\":false,\"couPickArea\":null,\"couponNudgeStyle\":null,\"couponNudgeText\":null,\"couponTagArea\":null,\"deliveryBadgeArea\":{\"badgeAreaContents\":[]},\"deliverySpeedBadgeArea\":null,\"eligibleFalconArea\":null,\"emptyCcidAndCashback\":false,\"globalArea\":{\"badgeImage\":null,\"show\":false},\"handymanArea\":null,\"imageAndTitleArea\":{\"defaultUrl\":\"//thumbnail7.coupangcdn.com/thumbnails/remote/320x320ex/image/retail/images/2024/11/18/17/1/2622e558-aed2-463e-b3e7-57f69b21f228.jpg\",\"title\":\"시아와세도 산미다이나곤 모나카, 1개, 126g\"},\"index\":{\"deliveryInfo\":{\"finalFreeShipOverAmountEx\":{\"amount\":19800}},\"freebie\":null,\"itemId\":18807509848,\"soldOutReason\":null,\"unitPrice\":{\"amount\":10,\"extendedPrice\":{\"money\":{\"amount\":344,\"currency\":\"KRW\"},\"offset\":0},\"priceEx\":{\"amount\":344,\"currency\":\"KRW\"},\"unit\":\"g\"}},\"isCeCategory\":false,\"labelArea\":{\"labelAreaContents\":[],\"todayClose\":false},\"legacyProductId\":7712253280,\"link\":\"/vp/products/7712253280?itemId=18807509848\u0026vendorItemId=91492491540\u0026q=일본과자\u0026searchId=afc562b78792054\u0026sourceType=search\u0026itemsCount=36\u0026searchRank=64\u0026rank=64\",\"luxuryNudgeText\":null,\"priceArea\":{\"basePrice\":\"0\",\"discountRate\":0,\"i18nOriginalPrice\":{\"amount\":\"0\",\"rawAmount\":null,\"fractionDigits\":0,\"currency\":\"KRW\"},\"i18nSalesPrice\":{\"amount\":\"4330\",\"rawAmount\":null,\"fractionDigits\":0,\"currency\":\"KRW\"},\"instantDiscountDescription\":\"\",\"price\":\"4,330\",\"shippingFeeDescription\":null},\"promisedDeliveryDateArea\":{\"contents\":[{\"text\":\"내일(수) \",\"size\":14,\"color\":\"#008C00\",\"bold\":false},{\"text\":\"도착 보장\",\"size\":14,\"color\":\"#008C00\",\"bold\":false}]},\"reviewArea\":{\"ratingAverage\":5,\"ratingCount\":40,\"ratingRatio\":100},\"rluxBrandNameArea\":{\"show\":false,\"badgeImage\":null,\"brandName\":null,\"rluxAuthText\":null},\"rocketArea\":{\"badgeImage\":{\"iconUrl\":\"https://image6.coupangcdn.com/image/cmg/icon/ios/logo_rocket_large@3x.png\"},\"show\":true},\"sequence\":28,\"shippingInfoArea\":null,\"snsDiscountRate\":-1,\"soldoutArea\":{\"soldOutText\":\"일시품절\",\"soldout\":false},\"subscriptionPriceArea\":null,\"topBrandArea\":null,\"vendorItemId\":91492491540,\"wowOnlyInstantDiscountRate\":-1,\"bestArea\":{\"sequence\":-1,\"show\":false}},{\"adBadgeArea\":{\"sponsored\":false,\"adzerkLog\":null,\"showSeparator\":false},\"badgeReorder\":false,\"benefitBadgeArea\":{\"badgeAreaContents\":[]},\"bizOnlyArea\":null,\"cashBackArea\":{\"iconUrl\":\"https://image6.coupangcdn.com/image/badges/cashback/web/list-cash-icon@2x.png\",\"cashRewardText\":\"최대 179원 적립\"},\"ccidArea\":null,\"ccidEligible\":false,\"couPickArea\":null,\"couponNudgeStyle\":null,\"couponNudgeText\":null,\"couponTagArea\":null,\"deliveryBadgeArea\":{\"badgeAreaContents\":[]},\"deliverySpeedBadgeArea\":null,\"eligibleFalconArea\":null,\"emptyCcidAndCashback\":false,\"globalArea\":{\"badgeImage\":null,\"show\":false},\"handymanArea\":null,\"imageAndTitleArea\":{\"defaultUrl\":\"//thumbnail8.coupangcdn.com/thumbnails/remote/320x320ex/image/retail/images/2025/01/08/17/6/3003e8f4-0e42-4c7b-827a-afdff7194862.jpg\",\"title\":\"카라무쵸 핫칠리 감자스틱, 100g, 1개\"},\"index\":{\"deliveryInfo\":{\"finalFreeShipOverAmountEx\":{\"amount\":19800}},\"freebie\":null,\"itemId\":24729639224,\"soldOutReason\":null,\"unitPrice\":{\"amount\":10,\"extendedPrice\":{\"money\":{\"amount\":357,\"currency\":\"KRW\"},\"offset\":0},\"priceEx\":{\"amount\":357,\"currency\":\"KRW\"},\"unit\":\"g\"}},\"isCeCategory\":false,\"labelArea\":{\"labelAreaContents\":[],\"todayClose\":false},\"legacyProductId\":8541412231,\"link\":\"/vp/products/8541412231?itemId=24729639224\u0026vendorItemId=91738592684\u0026q=일본과자\u0026searchId=afc562b78792054\u0026sourceType=search\u0026itemsCount=36\u0026searchRank=65\u0026rank=65\",\"luxuryNudgeText\":null,\"priceArea\":{\"basePrice\":\"0\",\"discountRate\":0,\"i18nOriginalPrice\":{\"amount\":\"0\",\"rawAmount\":null,\"fractionDigits\":0,\"currency\":\"KRW\"},\"i18nSalesPrice\":{\"amount\":\"3570\",\"rawAmount\":null,\"fractionDigits\":0,\"currency\":\"KRW\"},\"instantDiscountDescription\":\"\",\"price\":\"3,570\",\"shippingFeeDescription\":null},\"promisedDeliveryDateArea\":{\"contents\":[{\"text\":\"내일(수) \",\"size\":14,\"color\":\"#008C00\",\"bold\":false},{\"text\":\"도착 보장\",\"size\":14,\"color\":\"#008C00\",\"bold\":false}]},\"reviewArea\":{\"ratingAverage\":5,\"ratingCount\":35,\"ratingRatio\":100},\"rluxBrandNameArea\":{\"show\":false,\"badgeImage\":null,\"brandName\":null,\"rluxAuthText\":null},\"rocketArea\":{\"badgeImage\":{\"iconUrl\":\"https://image6.coupangcdn.com/image/cmg/icon/ios/logo_rocket_large@3x.png\"},\"show\":true},\"sequence\":29,\"shippingInfoArea\":null,\"snsDiscountRate\":-1,\"soldoutArea\":{\"soldOutText\":\"일시품절\",\"soldout\":false},\"subscriptionPriceArea\":null,\"topBrandArea\":null,\"vendorItemId\":91738592684,\"wowOnlyInstantDiscountRate\":-1,\"bestArea\":{\"sequence\":-1,\"show\":false}},{\"adBadgeArea\":{\"sponsored\":false,\"adzerkLog\":null,\"showSeparator\":false},\"badgeReorder\":false,\"benefitBadgeArea\":{\"badgeAreaContents\":[]},\"bizOnlyArea\":null,\"cashBackArea\":{\"iconUrl\":\"https://image6.coupangcdn.com/image/badges/cashback/web/list-cash-icon@2x.png\",\"cashRewardText\":\"최대 314원 적립\"},\"ccidArea\":null,\"ccidEligible\":false,\"couPickArea\":null,\"couponNudgeStyle\":null,\"couponNudgeText\":null,\"couponTagArea\":null,\"deliveryBadgeArea\":{\"badgeAreaContents\":[]},\"deliverySpeedBadgeArea\":null,\"eligibleFalconArea\":null,\"emptyCcidAndCashback\":false,\"globalArea\":{\"badgeImage\":null,\"show\":false},\"handymanArea\":null,\"imageAndTitleArea\":{\"defaultUrl\":\"//thumbnail9.coupangcdn.com/thumbnails/remote/320x320ex/image/1025_amir_coupang_oct_80k/4b78/90ebc161acbf381afde551e5ebec94f19d2b8ada10ea574646063b27a3f6.jpg\",\"title\":\"Izumiya 오츠마메점보 스낵믹스, 220g, 1개\"},\"index\":{\"deliveryInfo\":{\"finalFreeShipOverAmountEx\":{\"amount\":19800}},\"freebie\":null,\"itemId\":3140998221,\"soldOutReason\":null,\"unitPrice\":{\"amount\":10,\"extendedPrice\":{\"money\":{\"amount\":285,\"currency\":\"KRW\"},\"offset\":0},\"priceEx\":{\"amount\":285,\"currency\":\"KRW\"},\"unit\":\"g\"}},\"isCeCategory\":false,\"labelArea\":{\"labelAreaContents\":[],\"todayClose\":false},\"legacyProductId\":1847799285,\"link\":\"/vp/products/1847799285?itemId=3140998221\u0026vendorItemId=80719956167\u0026q=일본과자\u0026searchId=afc562b78792054\u0026sourceType=search\u0026itemsCount=36\u0026searchRank=66\u0026rank=66\",\"luxuryNudgeText\":null,\"priceArea\":{\"basePrice\":\"0\",\"discountRate\":0,\"i18nOriginalPrice\":{\"amount\":\"0\",\"rawAmount\":null,\"fractionDigits\":0,\"currency\":\"KRW\"},\"i18nSalesPrice\":{\"amount\":\"6280\",\"rawAmount\":null,\"fractionDigits\":0,\"currency\":\"KRW\"},\"instantDiscountDescription\":\"\",\"price\":\"6,280\",\"shippingFeeDescription\":null},\"promisedDeliveryDateArea\":{\"contents\":[{\"text\":\"내일(수) \",\"size\":14,\"color\":\"#008C00\",\"bold\":false},{\"text\":\"도착 보장\",\"size\":14,\"color\":\"#008C00\",\"bold\":false}]},\"reviewArea\":{\"ratingAverage\":4.5,\"ratingCount\":1717,\"ratingRatio\":90},\"rluxBrandNameArea\":{\"show\":false,\"badgeImage\":null,\"brandName\":null,\"rluxAuthText\":null},\"rocketArea\":{\"badgeImage\":{\"iconUrl\":\"https://image6.coupangcdn.com/image/cmg/icon/ios/logo_rocket_large@3x.png\"},\"show\":true},\"sequence\":30,\"shippingInfoArea\":null,\"snsDiscountRate\":-1,\"soldoutArea\":{\"soldOutText\":\"일시품절\",\"soldout\":false},\"subscriptionPriceArea\":null,\"topBrandArea\":null,\"vendorItemId\":80719956167,\"wowOnlyInstantDiscountRate\":-1,\"bestArea\":{\"sequence\":-1,\"show\":false}},{\"adBadgeArea\":{\"sponsored\":false,\"adzerkLog\":null,\"showSeparator\":false},\"badgeReorder\":false,\"benefitBadgeArea\":{\"badgeAreaContents\":[]},\"bizOnlyArea\":null,\"cashBackArea\":{\"iconUrl\":\"https://image6.coupangcdn.com/image/badges/cashback/web/list-cash-icon@2x.png\",\"cashRewardText\":\"최대 1,840원 적립\"},\"ccidArea\":null,\"ccidEligible\":false,\"couPickArea\":null,\"couponNudgeStyle\":null,\"couponNudgeText\":null,\"couponTagArea\":null,\"deliveryBadgeArea\":{\"badgeAreaContents\":[]},\"deliverySpeedBadgeArea\":null,\"eligibleFalconArea\":null,\"emptyCcidAndCashback\":false,\"globalArea\":{\"badgeImage\":null,\"show\":false},\"handymanArea\":null,\"imageAndTitleArea\":{\"defaultUrl\":\"//thumbnail9.coupangcdn.com/thumbnails/remote/320x320ex/image/vendor_inventory/0c40/023482192f3fe1115d4709358d7a2c05764eff63f559e65195848a47557f.jpg\",\"title\":\"요쿠모쿠 쿠키 어린이집 선물 일본 과자 답례품 과자세트, 1개\"},\"index\":{\"deliveryInfo\":{\"finalFreeShipOverAmountEx\":{\"amount\":0}},\"freebie\":null,\"itemId\":25366936424,\"soldOutReason\":null,\"unitPrice\":null},\"isCeCategory\":false,\"labelArea\":{\"labelAreaContents\":[],\"todayClose\":false},\"legacyProductId\":8730337781,\"link\":\"/vp/products/8730337781?itemId=25366936424\u0026vendorItemId=92361151254\u0026q=일본과자\u0026searchId=afc562b78792054\u0026sourceType=search\u0026itemsCount=36\u0026searchRank=67\u0026rank=67\",\"luxuryNudgeText\":null,\"priceArea\":{\"basePrice\":\"0\",\"discountRate\":0,\"i18nOriginalPrice\":{\"amount\":\"0\",\"rawAmount\":null,\"fractionDigits\":0,\"currency\":\"KRW\"},\"i18nSalesPrice\":{\"amount\":\"36800\",\"rawAmount\":null,\"fractionDigits\":0,\"currency\":\"KRW\"},\"instantDiscountDescription\":\"\",\"price\":\"36,800\",\"shippingFeeDescription\":\"배송비 15,000원\"},\"promisedDeliveryDateArea\":{\"contents\":[{\"text\":\"6/23 \",\"size\":14,\"color\":\"#212B36\",\"bold\":false},{\"text\":\"도착 예정\",\"size\":14,\"color\":\"#212B36\",\"bold\":false}]},\"reviewArea\":null,\"rluxBrandNameArea\":{\"show\":false,\"badgeImage\":null,\"brandName\":null,\"rluxAuthText\":null},\"rocketArea\":{\"badgeImage\":{\"iconUrl\":\"\"},\"show\":false},\"sequence\":31,\"shippingInfoArea\":null,\"snsDiscountRate\":-1,\"soldoutArea\":{\"soldOutText\":\"품절\",\"soldout\":false},\"subscriptionPriceArea\":null,\"topBrandArea\":null,\"vendorItemId\":92361151254,\"wowOnlyInstantDiscountRate\":-1,\"bestArea\":{\"sequence\":-1,\"show\":false}},{\"adBadgeArea\":{\"sponsored\":false,\"adzerkLog\":null,\"showSeparator\":true},\"badgeReorder\":false,\"benefitBadgeArea\":{\"badgeAreaContents\":[]},\"bizOnlyArea\":null,\"cashBackArea\":{\"iconUrl\":\"https://image6.coupangcdn.com/image/badges/cashback/web/list-cash-icon@2x.png\",\"cashRewardText\":\"최대 300원 적립\"},\"ccidArea\":null,\"ccidEligible\":false,\"couPickArea\":null,\"couponNudgeStyle\":null,\"couponNudgeText\":null,\"couponTagArea\":null,\"deliveryBadgeArea\":{\"badgeAreaContents\":[{\"css\":\"\",\"title\":\"조건부 무료배송\",\"id\":null,\"discountInfo\":null,\"freeDeliveryStandard\":null}]},\"deliverySpeedBadgeArea\":null,\"eligibleFalconArea\":null,\"emptyCcidAndCashback\":false,\"globalArea\":{\"badgeImage\":{\"iconUrl\":\"https://image6.coupangcdn.com/image/delivery_badge/default/pc/global_b/global_b.png\",\"iconWidth\":112,\"iconHeight\":28},\"show\":true},\"handymanArea\":null,\"imageAndTitleArea\":{\"defaultUrl\":\"//thumbnail7.coupangcdn.com/thumbnails/remote/320x320ex/image/vendor_inventory/d744/13359dede4984e04e6d3052cb5f07170d7bc5031d3eb5be566280077929e.jpg\",\"title\":\"메이지 말차 초콜릿 26개입, 120g, 1개\"},\"index\":{\"deliveryInfo\":{\"finalFreeShipOverAmountEx\":{\"amount\":29800}},\"freebie\":null,\"itemId\":21476352688,\"soldOutReason\":null,\"unitPrice\":{\"amount\":10,\"extendedPrice\":{\"money\":{\"amount\":499,\"currency\":\"KRW\"},\"offset\":0},\"priceEx\":{\"amount\":499,\"currency\":\"KRW\"},\"unit\":\"g\"}},\"isCeCategory\":false,\"labelArea\":{\"labelAreaContents\":[],\"todayClose\":false},\"legacyProductId\":7688321511,\"link\":\"/vp/products/7688321511?itemId=21476352688\u0026vendorItemId=88530592824\u0026q=일본과자\u0026searchId=afc562b78792054\u0026sourceType=search\u0026itemsCount=36\u0026searchRank=68\u0026rank=68\",\"luxuryNudgeText\":null,\"priceArea\":{\"basePrice\":\"0\",\"discountRate\":0,\"i18nOriginalPrice\":{\"amount\":\"0\",\"rawAmount\":null,\"fractionDigits\":0,\"currency\":\"KRW\"},\"i18nSalesPrice\":{\"amount\":\"5990\",\"rawAmount\":null,\"fractionDigits\":0,\"currency\":\"KRW\"},\"instantDiscountDescription\":\"\",\"price\":\"5,990\",\"shippingFeeDescription\":\"배송비 2,500원\"},\"promisedDeliveryDateArea\":{\"contents\":[{\"text\":\"6/7(토) \",\"size\":14,\"color\":\"#212B36\",\"bold\":false},{\"text\":\"도착 예정\",\"size\":14,\"color\":\"#212B36\",\"bold\":false}]},\"reviewArea\":{\"ratingAverage\":4.5,\"ratingCount\":295,\"ratingRatio\":90},\"rluxBrandNameArea\":{\"show\":false,\"badgeImage\":null,\"brandName\":null,\"rluxAuthText\":null},\"rocketArea\":{\"badgeImage\":{\"iconUrl\":\"\"},\"show\":false},\"sequence\":32,\"shippingInfoArea\":null,\"snsDiscountRate\":-1,\"soldoutArea\":{\"soldOutText\":\"품절\",\"soldout\":false},\"subscriptionPriceArea\":null,\"topBrandArea\":null,\"vendorItemId\":88530592824,\"wowOnlyInstantDiscountRate\":-1,\"bestArea\":{\"sequence\":-1,\"show\":false}},{\"adBadgeArea\":{\"sponsored\":false,\"adzerkLog\":null,\"showSeparator\":false},\"badgeReorder\":false,\"benefitBadgeArea\":{\"badgeAreaContents\":[]},\"bizOnlyArea\":null,\"cashBackArea\":{\"iconUrl\":\"https://image6.coupangcdn.com/image/badges/cashback/web/list-cash-icon@2x.png\",\"cashRewardText\":\"최대 365원 적립\"},\"ccidArea\":null,\"ccidEligible\":false,\"couPickArea\":null,\"couponNudgeStyle\":null,\"couponNudgeText\":null,\"couponTagArea\":null,\"deliveryBadgeArea\":{\"badgeAreaContents\":[]},\"deliverySpeedBadgeArea\":null,\"eligibleFalconArea\":null,\"emptyCcidAndCashback\":false,\"globalArea\":{\"badgeImage\":null,\"show\":false},\"handymanArea\":null,\"imageAndTitleArea\":{\"defaultUrl\":\"//thumbnail9.coupangcdn.com/thumbnails/remote/320x320ex/image/retail/images/66942518335932-24fa3098-ad3e-4852-9ca7-b6b61866ad15.jpg\",\"title\":\"마루이치 쿠리킨톤 밤만쥬, 180g, 2개\"},\"index\":{\"deliveryInfo\":{\"finalFreeShipOverAmountEx\":{\"amount\":19800}},\"freebie\":null,\"itemId\":20649615842,\"soldOutReason\":null,\"unitPrice\":{\"amount\":10,\"extendedPrice\":{\"money\":{\"amount\":203,\"currency\":\"KRW\"},\"offset\":0},\"priceEx\":{\"amount\":203,\"currency\":\"KRW\"},\"unit\":\"g\"}},\"isCeCategory\":false,\"labelArea\":{\"labelAreaContents\":[],\"todayClose\":false},\"legacyProductId\":7109736565,\"link\":\"/vp/products/7109736565?itemId=20649615842\u0026vendorItemId=91096943077\u0026q=일본과자\u0026searchId=afc562b78792054\u0026sourceType=search\u0026itemsCount=36\u0026searchRank=69\u0026rank=69\",\"luxuryNudgeText\":null,\"priceArea\":{\"basePrice\":\"0\",\"discountRate\":0,\"i18nOriginalPrice\":{\"amount\":\"0\",\"rawAmount\":null,\"fractionDigits\":0,\"currency\":\"KRW\"},\"i18nSalesPrice\":{\"amount\":\"7300\",\"rawAmount\":null,\"fractionDigits\":0,\"currency\":\"KRW\"},\"instantDiscountDescription\":\"\",\"price\":\"7,300\",\"shippingFeeDescription\":null},\"promisedDeliveryDateArea\":{\"contents\":[{\"text\":\"내일(수) \",\"size\":14,\"color\":\"#008C00\",\"bold\":false},{\"text\":\"도착 보장\",\"size\":14,\"color\":\"#008C00\",\"bold\":false}]},\"reviewArea\":{\"ratingAverage\":4.5,\"ratingCount\":1616,\"ratingRatio\":90},\"rluxBrandNameArea\":{\"show\":false,\"badgeImage\":null,\"brandName\":null,\"rluxAuthText\":null},\"rocketArea\":{\"badgeImage\":{\"iconUrl\":\"https://image6.coupangcdn.com/image/cmg/icon/ios/logo_rocket_large@3x.png\"},\"show\":true},\"sequence\":33,\"shippingInfoArea\":null,\"snsDiscountRate\":-1,\"soldoutArea\":{\"soldOutText\":\"일시품절\",\"soldout\":false},\"subscriptionPriceArea\":null,\"topBrandArea\":null,\"vendorItemId\":91096943077,\"wowOnlyInstantDiscountRate\":-1,\"bestArea\":{\"sequence\":-1,\"show\":false}},{\"adBadgeArea\":{\"sponsored\":false,\"adzerkLog\":null,\"showSeparator\":false},\"badgeReorder\":false,\"benefitBadgeArea\":{\"badgeAreaContents\":[]},\"bizOnlyArea\":null,\"cashBackArea\":{\"iconUrl\":\"https://image6.coupangcdn.com/image/badges/cashback/web/list-cash-icon@2x.png\",\"cashRewardText\":\"최대 275원 적립\"},\"ccidArea\":null,\"ccidEligible\":false,\"couPickArea\":null,\"couponNudgeStyle\":null,\"couponNudgeText\":null,\"couponTagArea\":null,\"deliveryBadgeArea\":{\"badgeAreaContents\":[]},\"deliverySpeedBadgeArea\":null,\"eligibleFalconArea\":null,\"emptyCcidAndCashback\":false,\"globalArea\":{\"badgeImage\":null,\"show\":false},\"handymanArea\":null,\"imageAndTitleArea\":{\"defaultUrl\":\"//thumbnail10.coupangcdn.com/thumbnails/remote/320x320ex/image/retail/images/75474480023637-b9faeb6a-3126-49f6-9c9a-3f39839958ff.jpg\",\"title\":\"뉴트리오코 밀크맛 웨이퍼, 360g, 1개\"},\"index\":{\"deliveryInfo\":{\"finalFreeShipOverAmountEx\":{\"amount\":19800}},\"freebie\":null,\"itemId\":23287440034,\"soldOutReason\":null,\"unitPrice\":{\"amount\":10,\"extendedPrice\":{\"money\":{\"amount\":153,\"currency\":\"KRW\"},\"offset\":0},\"priceEx\":{\"amount\":153,\"currency\":\"KRW\"},\"unit\":\"g\"}},\"isCeCategory\":false,\"labelArea\":{\"labelAreaContents\":[],\"todayClose\":false},\"legacyProductId\":8164002768,\"link\":\"/vp/products/8164002768?itemId=23287440034\u0026vendorItemId=90709464691\u0026q=일본과자\u0026searchId=afc562b78792054\u0026sourceType=search\u0026itemsCount=36\u0026searchRank=70\u0026rank=70\",\"luxuryNudgeText\":null,\"priceArea\":{\"basePrice\":\"7,800\",\"discountRate\":29,\"i18nOriginalPrice\":{\"amount\":\"7800\",\"rawAmount\":null,\"fractionDigits\":0,\"currency\":\"KRW\"},\"i18nSalesPrice\":{\"amount\":\"5500\",\"rawAmount\":null,\"fractionDigits\":0,\"currency\":\"KRW\"},\"instantDiscountDescription\":\"\",\"price\":\"5,500\",\"shippingFeeDescription\":null},\"promisedDeliveryDateArea\":{\"contents\":[{\"text\":\"내일(수) \",\"size\":14,\"color\":\"#008C00\",\"bold\":false},{\"text\":\"도착 보장\",\"size\":14,\"color\":\"#008C00\",\"bold\":false}]},\"reviewArea\":{\"ratingAverage\":5,\"ratingCount\":2839,\"ratingRatio\":100},\"rluxBrandNameArea\":{\"show\":false,\"badgeImage\":null,\"brandName\":null,\"rluxAuthText\":null},\"rocketArea\":{\"badgeImage\":{\"iconUrl\":\"https://image6.coupangcdn.com/image/cmg/icon/ios/logo_rocket_large@3x.png\"},\"show\":true},\"sequence\":34,\"shippingInfoArea\":null,\"snsDiscountRate\":-1,\"soldoutArea\":{\"soldOutText\":\"일시품절\",\"soldout\":false},\"subscriptionPriceArea\":null,\"topBrandArea\":null,\"vendorItemId\":90709464691,\"wowOnlyInstantDiscountRate\":-1,\"bestArea\":{\"sequence\":-1,\"show\":false}},{\"adBadgeArea\":{\"sponsored\":false,\"adzerkLog\":null,\"showSeparator\":false},\"badgeReorder\":false,\"benefitBadgeArea\":null,\"bizOnlyArea\":null,\"cashBackArea\":null,\"ccidArea\":null,\"ccidEligible\":false,\"couPickArea\":null,\"couponNudgeStyle\":null,\"couponNudgeText\":null,\"couponTagArea\":null,\"deliveryBadgeArea\":null,\"deliverySpeedBadgeArea\":null,\"eligibleFalconArea\":null,\"emptyCcidAndCashback\":true,\"globalArea\":{\"badgeImage\":null,\"show\":false},\"handymanArea\":null,\"imageAndTitleArea\":{\"defaultUrl\":\"//thumbnail6.coupangcdn.com/thumbnails/remote/320x320ex/image/retail/images/2024/12/26/11/4/a257fc5b-1844-41ae-8b3e-e051fdc2a8ed.jpg\",\"title\":\"부르본 알포트 FS 쿠키, 1개, 161g\"},\"index\":{\"deliveryInfo\":{\"finalFreeShipOverAmountEx\":{\"amount\":19800}},\"freebie\":null,\"itemId\":24674708930,\"soldOutReason\":\"NO_STOCK_QUANTITY\",\"unitPrice\":{\"amount\":10,\"extendedPrice\":{\"money\":{\"amount\":496,\"currency\":\"KRW\"},\"offset\":0},\"priceEx\":{\"amount\":496,\"currency\":\"KRW\"},\"unit\":\"g\"}},\"isCeCategory\":false,\"labelArea\":{\"labelAreaContents\":[],\"todayClose\":false},\"legacyProductId\":8289704722,\"link\":\"/vp/products/8289704722?itemId=24674708930\u0026vendorItemId=91684880130\u0026q=일본과자\u0026searchId=afc562b78792054\u0026sourceType=search\u0026itemsCount=36\u0026searchRank=71\u0026rank=71\",\"luxuryNudgeText\":null,\"priceArea\":{\"basePrice\":\"0\",\"discountRate\":0,\"i18nOriginalPrice\":{\"amount\":\"0\",\"rawAmount\":null,\"fractionDigits\":0,\"currency\":\"KRW\"},\"i18nSalesPrice\":{\"amount\":\"7980\",\"rawAmount\":null,\"fractionDigits\":0,\"currency\":\"KRW\"},\"instantDiscountDescription\":\"\",\"price\":\"7,980\",\"shippingFeeDescription\":null},\"promisedDeliveryDateArea\":{\"contents\":[]},\"reviewArea\":{\"ratingAverage\":5,\"ratingCount\":4,\"ratingRatio\":100},\"rluxBrandNameArea\":{\"show\":false,\"badgeImage\":null,\"brandName\":null,\"rluxAuthText\":null},\"rocketArea\":{\"badgeImage\":{\"iconUrl\":\"https://image6.coupangcdn.com/image/cmg/icon/ios/logo_rocket_large@3x.png\"},\"show\":true},\"sequence\":35,\"shippingInfoArea\":null,\"snsDiscountRate\":-1,\"soldoutArea\":{\"soldOutText\":\"일시품절\",\"soldout\":true},\"subscriptionPriceArea\":null,\"topBrandArea\":null,\"vendorItemId\":91684880130,\"wowOnlyInstantDiscountRate\":-1,\"bestArea\":{\"sequence\":-1,\"show\":false}}],\"searchCount\":73364,\"searchId\":\"afc562b78792054\",\"trAid\":\"\",\"trCid\":\"\",\"channel\":\"recent\",\"listSize\":36,\"page\":2,\"sdwTopSellingWidget\":\"$undefined\",\"sdwAgingWidget\":\"$undefined\",\"q\":\"일본과자\",\"isLoyaltyMember\":false}],[\"$\",\"$L21\",null,{\"data\":{\"content\":{\"_summary\":null,\"dataParts\":null,\"items\":[{\"_summary\":null,\"dataParts\":null,\"items\":[{\"_summary\":null,\"dataParts\":\"CUSTOM_TEXT\",\"items\":[],\"logging\":null,\"product\":null,\"property\":{\"action\":null,\"align\":[],\"backgroundColor\":null,\"border\":null,\"condition\":null,\"cornerRadius\":null,\"customAttribute\":null,\"externalDataSource\":null,\"extra\":null,\"generateTabItemFromFeed\":null,\"gravity\":[],\"horizontalScroll\":false,\"image\":null,\"imageSlideProperty\":null,\"images\":[],\"indicator\":null,\"interaction\":null,\"isFlexible\":null,\"isNonCarousel\":null,\"isRecyclerView\":null,\"margin\":{\"bottom\":0,\"left\":0,\"right\":4,\"top\":0},\"maxFilteredProductIndexesInTabItem\":null,\"minFilteredProductIndexesInTabItem\":null,\"miniSdpImageTab\":null,\"option\":null,\"optionGroups\":null,\"padding\":{\"bottom\":0,\"left\":2,\"right\":0,\"top\":0},\"productDetailUris\":[],\"progressBar\":null,\"rank\":null,\"rdsFillTab\":null,\"rdsImageTab\":null,\"rdsTextTab\":null,\"recyclerView\":null,\"size\":{\"height\":-2,\"weight\":0,\"width\":-2},\"starRating\":null,\"text\":{\"adjustLineHeight\":false,\"maxLines\":1,\"overrideSize\":null,\"overrideSystemFont\":null,\"textItems\":[{\"backgroundColor\":null,\"bold\":true,\"color\":{\"alpha\":1,\"value\":\"#212B36\"},\"maxFontScale\":2,\"size\":18,\"strikethrough\":false,\"systemFontSize\":null,\"text\":\"같이 보면 좋은 상품\"}]},\"verticalScroll\":null},\"type\":\"LABEL\",\"widgetType\":null},{\"_summary\":null,\"dataParts\":null,\"items\":[{\"_summary\":null,\"dataParts\":\"CUSTOM_TEXT\",\"items\":[],\"logging\":null,\"product\":null,\"property\":{\"action\":null,\"align\":[\"CENTER_VERTICAL\"],\"backgroundColor\":null,\"border\":null,\"condition\":null,\"cornerRadius\":null,\"customAttribute\":null,\"externalDataSource\":null,\"extra\":null,\"generateTabItemFromFeed\":null,\"gravity\":[],\"horizontalScroll\":false,\"image\":null,\"imageSlideProperty\":null,\"images\":[],\"indicator\":null,\"interaction\":null,\"isFlexible\":null,\"isNonCarousel\":null,\"isRecyclerView\":null,\"margin\":{\"bottom\":0,\"left\":0,\"right\":2,\"top\":0},\"maxFilteredProductIndexesInTabItem\":null,\"minFilteredProductIndexesInTabItem\":null,\"miniSdpImageTab\":null,\"option\":null,\"optionGroups\":null,\"padding\":{\"bottom\":1,\"left\":0,\"right\":0,\"top\":0},\"productDetailUris\":[],\"progressBar\":null,\"rank\":null,\"rdsFillTab\":null,\"rdsImageTab\":null,\"rdsTextTab\":null,\"recyclerView\":null,\"size\":{\"height\":-2,\"weight\":0,\"width\":-2},\"starRating\":null,\"text\":{\"adjustLineHeight\":false,\"maxLines\":1,\"overrideSize\":null,\"overrideSystemFont\":null,\"textItems\":[{\"backgroundColor\":null,\"bold\":false,\"color\":{\"alpha\":0.4,\"value\":\"#212B36\"},\"maxFontScale\":2,\"size\":12,\"strikethrough\":false,\"systemFontSize\":null,\"text\":\"광고\"}]},\"verticalScroll\":null},\"type\":\"LABEL\",\"widgetType\":null},{\"_summary\":null,\"dataParts\":null,\"items\":[],\"logging\":null,\"product\":null,\"property\":{\"action\":null,\"align\":[\"CENTER_VERTICAL\"],\"backgroundColor\":null,\"border\":null,\"condition\":null,\"cornerRadius\":null,\"customAttribute\":null,\"externalDataSource\":null,\"extra\":null,\"generateTabItemFromFeed\":null,\"gravity\":[],\"horizontalScroll\":false,\"image\":{\"duration\":null,\"scaleType\":null,\"size\":{\"height\":12,\"weight\":0,\"width\":12},\"ttiKey\":null,\"path\":\"http://static.coupangcdn.com/image/cmg/icon/dco/ad_icon.png\"},\"imageSlideProperty\":null,\"images\":[],\"indicator\":null,\"interaction\":null,\"isFlexible\":null,\"isNonCarousel\":null,\"isRecyclerView\":null,\"margin\":null,\"maxFilteredProductIndexesInTabItem\":null,\"minFilteredProductIndexesInTabItem\":null,\"miniSdpImageTab\":null,\"option\":null,\"optionGroups\":null,\"padding\":null,\"productDetailUris\":[],\"progressBar\":null,\"rank\":null,\"rdsFillTab\":null,\"rdsImageTab\":null,\"rdsTextTab\":null,\"recyclerView\":null,\"size\":{\"height\":12,\"weight\":0,\"width\":12},\"starRating\":null,\"text\":null,\"verticalScroll\":null},\"type\":\"IMAGE\",\"widgetType\":null}],\"logging\":null,\"product\":null,\"property\":{\"action\":{\"data\":null,\"isSendProductLJClickLogging\":null,\"isSendProductUEClickLogging\":null,\"logging\":null,\"moreLink\":{},\"type\":\"AD_FEEDBACK\"},\"align\":[\"CENTER_VERTICAL\"],\"backgroundColor\":null,\"border\":null,\"condition\":null,\"cornerRadius\":null,\"customAttribute\":null,\"externalDataSource\":null,\"extra\":null,\"generateTabItemFromFeed\":null,\"gravity\":[],\"horizontalScroll\":false,\"image\":null,\"imageSlideProperty\":null,\"images\":[],\"indicator\":null,\"interaction\":null,\"isFlexible\":null,\"isNonCarousel\":null,\"isRecyclerView\":null,\"margin\":{\"bottom\":0,\"left\":0,\"right\":0,\"top\":0},\"maxFilteredProductIndexesInTabItem\":null,\"minFilteredProductIndexesInTabItem\":null,\"miniSdpImageTab\":null,\"option\":null,\"optionGroups\":null,\"padding\":{\"bottom\":4,\"left\":4,\"right\":0,\"top\":4},\"productDetailUris\":[],\"progressBar\":null,\"rank\":null,\"rdsFillTab\":null,\"rdsImageTab\":null,\"rdsTextTab\":null,\"recyclerView\":null,\"size\":{\"height\":-2,\"weight\":0,\"width\":-2},\"starRating\":null,\"text\":null,\"verticalScroll\":null},\"type\":\"H_STACK\",\"widgetType\":null}],\"logging\":null,\"product\":null,\"property\":{\"action\":null,\"align\":[\"CENTER_VERTICAL\"],\"backgroundColor\":null,\"border\":null,\"condition\":null,\"cornerRadius\":null,\"customAttribute\":null,\"externalDataSource\":null,\"extra\":null,\"generateTabItemFromFeed\":null,\"gravity\":[],\"horizontalScroll\":false,\"image\":null,\"imageSlideProperty\":null,\"images\":[],\"indicator\":null,\"interaction\":null,\"isFlexible\":null,\"isNonCarousel\":null,\"isRecyclerView\":null,\"margin\":{\"bottom\":0,\"left\":0,\"right\":0,\"top\":0},\"maxFilteredProductIndexesInTabItem\":null,\"minFilteredProductIndexesInTabItem\":null,\"miniSdpImageTab\":null,\"option\":null,\"optionGroups\":null,\"padding\":null,\"productDetailUris\":[],\"progressBar\":null,\"rank\":null,\"rdsFillTab\":null,\"rdsImageTab\":null,\"rdsTextTab\":null,\"recyclerView\":null,\"size\":{\"height\":40,\"weight\":0,\"width\":-1},\"starRating\":null,\"text\":null,\"verticalScroll\":null},\"type\":\"H_STACK\",\"widgetType\":null},{\"_summary\":null,\"dataParts\":null,\"items\":[{\"_summary\":null,\"dataParts\":null,\"items\":[{\"_summary\":null,\"dataParts\":null,\"items\":[{\"_summary\":null,\"dataParts\":null,\"items\":[{\"_summary\":null,\"dataParts\":\"MAIN_IMAGE\",\"items\":[],\"logging\":null,\"product\":null,\"property\":{\"action\":null,\"align\":[],\"backgroundColor\":null,\"border\":null,\"condition\":null,\"cornerRadius\":null,\"customAttribute\":null,\"externalDataSource\":null,\"extra\":null,\"generateTabItemFromFeed\":null,\"gravity\":[],\"horizontalScroll\":false,\"image\":{\"duration\":null,\"scaleType\":null,\"size\":{\"height\":158,\"weight\":0,\"width\":158},\"ttiKey\":null,\"path\":\"https://thumbnail11.coupangcdn.com/thumbnails/remote/292x292q65ex/image/vendor_inventory/1873/47f0b879013b9ab6d3fb314b48a025cad24d5305cb6896ff712e6e0a5aa9.jpg\"},\"imageSlideProperty\":null,\"images\":[],\"indicator\":null,\"interaction\":null,\"isFlexible\":null,\"isNonCarousel\":null,\"isRecyclerView\":null,\"margin\":{\"bottom\":4,\"left\":0,\"right\":0,\"top\":0},\"maxFilteredProductIndexesInTabItem\":null,\"minFilteredProductIndexesInTabItem\":null,\"miniSdpImageTab\":null,\"option\":null,\"optionGroups\":null,\"padding\":null,\"productDetailUris\":[],\"progressBar\":null,\"rank\":null,\"rdsFillTab\":null,\"rdsImageTab\":null,\"rdsTextTab\":null,\"recyclerView\":null,\"size\":{\"height\":158,\"weight\":0,\"width\":158},\"starRating\":null,\"text\":null,\"verticalScroll\":null},\"type\":\"IMAGE\",\"widgetType\":null}],\"logging\":null,\"product\":null,\"property\":{\"action\":null,\"align\":[],\"backgroundColor\":null,\"border\":null,\"condition\":null,\"cornerRadius\":null,\"customAttribute\":null,\"externalDataSource\":null,\"extra\":null,\"generateTabItemFromFeed\":null,\"gravity\":[],\"horizontalScroll\":false,\"image\":null,\"imageSlideProperty\":null,\"images\":[],\"indicator\":null,\"interaction\":null,\"isFlexible\":null,\"isNonCarousel\":null,\"isRecyclerView\":null,\"margin\":{\"bottom\":4,\"left\":0,\"right\":0,\"top\":0},\"maxFilteredProductIndexesInTabItem\":null,\"minFilteredProductIndexesInTabItem\":null,\"miniSdpImageTab\":null,\"option\":null,\"optionGroups\":null,\"padding\":null,\"productDetailUris\":[],\"progressBar\":null,\"rank\":null,\"rdsFillTab\":null,\"rdsImageTab\":null,\"rdsTextTab\":null,\"recyclerView\":null,\"size\":{\"height\":186,\"weight\":0,\"width\":-2},\"starRating\":null,\"text\":null,\"verticalScroll\":null},\"type\":\"V_STACK\",\"widgetType\":null},{\"_summary\":null,\"dataParts\":\"PRODUCT_TITLE\",\"items\":[],\"logging\":null,\"product\":null,\"property\":{\"action\":null,\"align\":[],\"backgroundColor\":null,\"border\":null,\"condition\":null,\"cornerRadius\":null,\"customAttribute\":null,\"externalDataSource\":null,\"extra\":null,\"generateTabItemFromFeed\":null,\"gravity\":[],\"horizontalScroll\":false,\"image\":null,\"imageSlideProperty\":null,\"images\":[],\"indicator\":null,\"interaction\":null,\"isFlexible\":null,\"isNonCarousel\":null,\"isRecyclerView\":null,\"margin\":{\"bottom\":6,\"left\":0,\"right\":0,\"top\":0},\"maxFilteredProductIndexesInTabItem\":null,\"minFilteredProductIndexesInTabItem\":null,\"miniSdpImageTab\":null,\"option\":null,\"optionGroups\":null,\"padding\":null,\"productDetailUris\":[],\"progressBar\":null,\"rank\":null,\"rdsFillTab\":null,\"rdsImageTab\":null,\"rdsTextTab\":null,\"recyclerView\":null,\"size\":{\"height\":-2,\"weight\":0,\"width\":-1},\"starRating\":null,\"text\":{\"adjustLineHeight\":false,\"maxLines\":3,\"overrideSize\":null,\"overrideSystemFont\":null,\"textItems\":[{\"backgroundColor\":null,\"bold\":false,\"color\":{\"alpha\":1,\"value\":\"#212B36\"},\"maxFontScale\":2,\"size\":14,\"strikethrough\":false,\"systemFontSize\":null,\"text\":\"나나오 타이코 센베 204g, 1개\"}]},\"verticalScroll\":null},\"type\":\"LABEL\",\"widgetType\":null},{\"_summary\":null,\"dataParts\":null,\"items\":[{\"_summary\":null,\"dataParts\":\"PRICE\",\"items\":[],\"logging\":null,\"product\":null,\"property\":{\"action\":null,\"align\":[\"CENTER_VERTICAL\"],\"backgroundColor\":null,\"border\":null,\"condition\":null,\"cornerRadius\":null,\"customAttribute\":null,\"externalDataSource\":null,\"extra\":null,\"generateTabItemFromFeed\":null,\"gravity\":[],\"horizontalScroll\":false,\"image\":null,\"imageSlideProperty\":null,\"images\":[],\"indicator\":null,\"interaction\":null,\"isFlexible\":null,\"isNonCarousel\":null,\"isRecyclerView\":null,\"margin\":{\"bottom\":0,\"left\":0,\"right\":4,\"top\":0},\"maxFilteredProductIndexesInTabItem\":null,\"minFilteredProductIndexesInTabItem\":null,\"miniSdpImageTab\":null,\"option\":null,\"optionGroups\":null,\"padding\":null,\"productDetailUris\":[],\"progressBar\":null,\"rank\":null,\"rdsFillTab\":null,\"rdsImageTab\":null,\"rdsTextTab\":null,\"recyclerView\":null,\"size\":{\"height\":-2,\"weight\":0,\"width\":-2},\"starRating\":null,\"text\":{\"adjustLineHeight\":false,\"maxLines\":0,\"overrideSize\":null,\"overrideSystemFont\":null,\"textItems\":[{\"backgroundColor\":null,\"bold\":true,\"color\":{\"alpha\":1,\"value\":\"#CB1400\"},\"maxFontScale\":2,\"size\":16,\"strikethrough\":false,\"systemFontSize\":null,\"text\":\"3,800원\"}]},\"verticalScroll\":null},\"type\":\"LABEL\",\"widgetType\":null}],\"logging\":null,\"product\":null,\"property\":{\"action\":null,\"align\":[\"CENTER_VERTICAL\"],\"backgroundColor\":null,\"border\":null,\"condition\":null,\"cornerRadius\":null,\"customAttribute\":null,\"externalDataSource\":null,\"extra\":null,\"generateTabItemFromFeed\":null,\"gravity\":[],\"horizontalScroll\":false,\"image\":null,\"imageSlideProperty\":null,\"images\":[],\"indicator\":null,\"interaction\":null,\"isFlexible\":null,\"isNonCarousel\":null,\"isRecyclerView\":null,\"margin\":{\"bottom\":2,\"left\":0,\"right\":0,\"top\":0},\"maxFilteredProductIndexesInTabItem\":null,\"minFilteredProductIndexesInTabItem\":null,\"miniSdpImageTab\":null,\"option\":null,\"optionGroups\":null,\"padding\":null,\"productDetailUris\":[],\"progressBar\":null,\"rank\":null,\"rdsFillTab\":null,\"rdsImageTab\":null,\"rdsTextTab\":null,\"recyclerView\":null,\"size\":{\"height\":-2,\"weight\":0,\"width\":-2},\"starRating\":null,\"text\":null,\"verticalScroll\":null},\"type\":\"H_STACK\",\"widgetType\":null},{\"_summary\":null,\"dataParts\":\"UNIT_PRICE\",\"items\":[],\"logging\":null,\"product\":null,\"property\":{\"action\":null,\"align\":[],\"backgroundColor\":null,\"border\":null,\"condition\":null,\"cornerRadius\":null,\"customAttribute\":null,\"externalDataSource\":null,\"extra\":null,\"generateTabItemFromFeed\":null,\"gravity\":[],\"horizontalScroll\":false,\"image\":null,\"imageSlideProperty\":null,\"images\":[],\"indicator\":null,\"interaction\":null,\"isFlexible\":null,\"isNonCarousel\":null,\"isRecyclerView\":null,\"margin\":{\"bottom\":3,\"left\":0,\"right\":0,\"top\":0},\"maxFilteredProductIndexesInTabItem\":null,\"minFilteredProductIndexesInTabItem\":null,\"miniSdpImageTab\":null,\"option\":null,\"optionGroups\":null,\"padding\":null,\"productDetailUris\":[],\"progressBar\":null,\"rank\":null,\"rdsFillTab\":null,\"rdsImageTab\":null,\"rdsTextTab\":null,\"recyclerView\":null,\"size\":{\"height\":-2,\"weight\":0,\"width\":-2},\"starRating\":null,\"text\":{\"adjustLineHeight\":false,\"maxLines\":0,\"overrideSize\":null,\"overrideSystemFont\":null,\"textItems\":[{\"backgroundColor\":null,\"bold\":false,\"color\":{\"alpha\":1,\"value\":\"#CB1400\"},\"maxFontScale\":2,\"size\":11,\"strikethrough\":false,\"systemFontSize\":null,\"text\":\"(10g당 186원)\"}]},\"verticalScroll\":null},\"type\":\"LABEL\",\"widgetType\":null},{\"_summary\":null,\"dataParts\":null,\"items\":[],\"logging\":null,\"product\":null,\"property\":{\"action\":null,\"align\":[],\"backgroundColor\":null,\"border\":null,\"condition\":null,\"cornerRadius\":null,\"customAttribute\":null,\"externalDataSource\":null,\"extra\":null,\"generateTabItemFromFeed\":null,\"gravity\":[],\"horizontalScroll\":false,\"image\":null,\"imageSlideProperty\":null,\"images\":[],\"indicator\":null,\"interaction\":null,\"isFlexible\":null,\"isNonCarousel\":null,\"isRecyclerView\":null,\"margin\":null,\"maxFilteredProductIndexesInTabItem\":null,\"minFilteredProductIndexesInTabItem\":null,\"miniSdpImageTab\":null,\"option\":null,\"optionGroups\":null,\"padding\":null,\"productDetailUris\":[],\"progressBar\":null,\"rank\":null,\"rdsFillTab\":null,\"rdsImageTab\":null,\"rdsTextTab\":null,\"recyclerView\":null,\"size\":{\"height\":-2,\"weight\":0,\"width\":-2},\"starRating\":null,\"text\":null,\"verticalScroll\":null},\"type\":\"V_STACK\",\"widgetType\":null},{\"_summary\":null,\"dataParts\":\"PROMISED_DELIVERY_DATE\",\"items\":[],\"logging\":null,\"product\":null,\"property\":{\"action\":null,\"align\":[],\"backgroundColor\":null,\"border\":null,\"condition\":null,\"cornerRadius\":null,\"customAttribute\":null,\"externalDataSource\":null,\"extra\":null,\"generateTabItemFromFeed\":null,\"gravity\":[],\"horizontalScroll\":false,\"image\":null,\"imageSlideProperty\":null,\"images\":[],\"indicator\":null,\"interaction\":null,\"isFlexible\":null,\"isNonCarousel\":null,\"isRecyclerView\":null,\"margin\":{\"bottom\":6,\"left\":0,\"right\":0,\"top\":3},\"maxFilteredProductIndexesInTabItem\":null,\"minFilteredProductIndexesInTabItem\":null,\"miniSdpImageTab\":null,\"option\":null,\"optionGroups\":null,\"padding\":null,\"productDetailUris\":[],\"progressBar\":null,\"rank\":null,\"rdsFillTab\":null,\"rdsImageTab\":null,\"rdsTextTab\":null,\"recyclerView\":null,\"size\":{\"height\":-2,\"weight\":0,\"width\":-2},\"starRating\":null,\"text\":{\"adjustLineHeight\":false,\"maxLines\":0,\"overrideSize\":14,\"overrideSystemFont\":null,\"textItems\":[{\"backgroundColor\":null,\"bold\":false,\"color\":{\"alpha\":1,\"value\":\"#212B36\"},\"maxFontScale\":2,\"size\":14,\"strikethrough\":false,\"systemFontSize\":null,\"text\":\"모레(목) \"},{\"backgroundColor\":null,\"bold\":false,\"color\":{\"alpha\":1,\"value\":\"#212B36\"},\"maxFontScale\":2,\"size\":14,\"strikethrough\":false,\"systemFontSize\":null,\"text\":\"도착 예정\"}]},\"verticalScroll\":null},\"type\":\"LABEL\",\"widgetType\":null},{\"_summary\":null,\"dataParts\":null,\"items\":[{\"_summary\":null,\"dataParts\":\"STAR_RATING\",\"items\":[],\"logging\":null,\"product\":null,\"property\":{\"action\":null,\"align\":[\"CENTER_VERTICAL\"],\"backgroundColor\":null,\"border\":null,\"condition\":null,\"cornerRadius\":null,\"customAttribute\":null,\"externalDataSource\":null,\"extra\":null,\"generateTabItemFromFeed\":null,\"gravity\":[],\"horizontalScroll\":false,\"image\":null,\"imageSlideProperty\":null,\"images\":[],\"indicator\":null,\"interaction\":null,\"isFlexible\":null,\"isNonCarousel\":null,\"isRecyclerView\":null,\"margin\":{\"bottom\":0,\"left\":0,\"right\":4,\"top\":0},\"maxFilteredProductIndexesInTabItem\":null,\"minFilteredProductIndexesInTabItem\":null,\"miniSdpImageTab\":null,\"option\":null,\"optionGroups\":null,\"padding\":null,\"productDetailUris\":[],\"progressBar\":null,\"rank\":null,\"rdsFillTab\":null,\"rdsImageTab\":null,\"rdsTextTab\":null,\"recyclerView\":null,\"size\":{\"height\":-2,\"weight\":0,\"width\":-2},\"starRating\":{\"rating\":4,\"style\":\"SMALL\"},\"text\":null,\"verticalScroll\":null},\"type\":\"STAR_RATING\",\"widgetType\":null},{\"_summary\":null,\"dataParts\":\"STAR_RATING_COUNT\",\"items\":[],\"logging\":null,\"product\":null,\"property\":{\"action\":null,\"align\":[\"CENTER_VERTICAL\"],\"backgroundColor\":{\"alpha\":1,\"value\":\"\"},\"border\":null,\"condition\":null,\"cornerRadius\":null,\"customAttribute\":null,\"externalDataSource\":null,\"extra\":null,\"generateTabItemFromFeed\":null,\"gravity\":[\"CENTER_VERTICAL\"],\"horizontalScroll\":false,\"image\":null,\"imageSlideProperty\":null,\"images\":[],\"indicator\":null,\"interaction\":null,\"isFlexible\":null,\"isNonCarousel\":null,\"isRecyclerView\":null,\"margin\":{\"bottom\":0,\"left\":0,\"right\":0,\"top\":0},\"maxFilteredProductIndexesInTabItem\":null,\"minFilteredProductIndexesInTabItem\":null,\"miniSdpImageTab\":null,\"option\":null,\"optionGroups\":null,\"padding\":null,\"productDetailUris\":[],\"progressBar\":null,\"rank\":null,\"rdsFillTab\":null,\"rdsImageTab\":null,\"rdsTextTab\":null,\"recyclerView\":null,\"size\":{\"height\":-2,\"weight\":0,\"width\":-2},\"starRating\":null,\"text\":{\"adjustLineHeight\":false,\"maxLines\":0,\"overrideSize\":null,\"overrideSystemFont\":null,\"textItems\":[{\"backgroundColor\":null,\"bold\":false,\"color\":{\"alpha\":1,\"value\":\"#768695\"},\"maxFontScale\":2,\"size\":12,\"strikethrough\":false,\"systemFontSize\":null,\"text\":\"(113)\"}]},\"verticalScroll\":null},\"type\":\"LABEL\",\"widgetType\":null}],\"logging\":null,\"product\":null,\"property\":{\"action\":null,\"align\":[\"CENTER_VERTICAL\"],\"backgroundColor\":null,\"border\":null,\"condition\":null,\"cornerRadius\":null,\"customAttribute\":null,\"externalDataSource\":null,\"extra\":null,\"generateTabItemFromFeed\":null,\"gravity\":[],\"horizontalScroll\":false,\"image\":null,\"imageSlideProperty\":null,\"images\":[],\"indicator\":null,\"interaction\":null,\"isFlexible\":null,\"isNonCarousel\":null,\"isRecyclerView\":null,\"margin\":{\"bottom\":8,\"left\":0,\"right\":0,\"top\":0},\"maxFilteredProductIndexesInTabItem\":null,\"minFilteredProductIndexesInTabItem\":null,\"miniSdpImageTab\":null,\"option\":null,\"optionGroups\":null,\"padding\":null,\"productDetailUris\":[],\"progressBar\":null,\"rank\":null,\"rdsFillTab\":null,\"rdsImageTab\":null,\"rdsTextTab\":null,\"recyclerView\":null,\"size\":{\"height\":-2,\"weight\":0,\"width\":-2},\"starRating\":null,\"text\":null,\"verticalScroll\":null},\"type\":\"H_STACK\",\"widgetType\":null},{\"_summary\":null,\"dataParts\":\"ROCKET_CASH_REWARD\",\"items\":[{\"_summary\":null,\"dataParts\":null,\"items\":[],\"logging\":null,\"product\":null,\"property\":{\"action\":null,\"align\":[\"CENTER_VERTICAL\"],\"backgroundColor\":null,\"border\":null,\"condition\":null,\"cornerRadius\":null,\"customAttribute\":null,\"externalDataSource\":null,\"extra\":null,\"generateTabItemFromFeed\":null,\"gravity\":[],\"horizontalScroll\":false,\"image\":{\"duration\":null,\"scaleType\":null,\"size\":{\"height\":-2,\"weight\":0,\"width\":-2},\"ttiKey\":null,\"path\":\"http://image12.coupangcdn.com/image/badges/cashback/aos/xxxhdpi/list_cash_icon.png\"},\"imageSlideProperty\":null,\"images\":[],\"indicator\":null,\"interaction\":null,\"isFlexible\":null,\"isNonCarousel\":null,\"isRecyclerView\":null,\"margin\":{\"bottom\":0,\"left\":0,\"right\":4,\"top\":1},\"maxFilteredProductIndexesInTabItem\":null,\"minFilteredProductIndexesInTabItem\":null,\"miniSdpImageTab\":null,\"option\":null,\"optionGroups\":null,\"padding\":null,\"productDetailUris\":[],\"progressBar\":null,\"rank\":null,\"rdsFillTab\":null,\"rdsImageTab\":null,\"rdsTextTab\":null,\"recyclerView\":null,\"size\":{\"height\":12,\"weight\":0,\"width\":-2},\"starRating\":null,\"text\":null,\"verticalScroll\":null},\"type\":\"IMAGE\",\"widgetType\":null},{\"_summary\":null,\"dataParts\":null,\"items\":[],\"logging\":null,\"product\":null,\"property\":{\"action\":null,\"align\":[\"CENTER_VERTICAL\"],\"backgroundColor\":null,\"border\":null,\"condition\":null,\"cornerRadius\":null,\"customAttribute\":null,\"externalDataSource\":null,\"extra\":null,\"generateTabItemFromFeed\":null,\"gravity\":[],\"horizontalScroll\":false,\"image\":null,\"imageSlideProperty\":null,\"images\":[],\"indicator\":null,\"interaction\":null,\"isFlexible\":null,\"isNonCarousel\":null,\"isRecyclerView\":null,\"margin\":{\"bottom\":1,\"left\":0,\"right\":0,\"top\":0},\"maxFilteredProductIndexesInTabItem\":null,\"minFilteredProductIndexesInTabItem\":null,\"miniSdpImageTab\":null,\"option\":null,\"optionGroups\":null,\"padding\":{\"bottom\":0,\"left\":0,\"right\":0,\"top\":0},\"productDetailUris\":[],\"progressBar\":null,\"rank\":null,\"rdsFillTab\":null,\"rdsImageTab\":null,\"rdsTextTab\":null,\"recyclerView\":null,\"size\":{\"height\":-2,\"weight\":0,\"width\":-2},\"starRating\":null,\"text\":{\"adjustLineHeight\":false,\"maxLines\":0,\"overrideSize\":null,\"overrideSystemFont\":null,\"textItems\":[{\"backgroundColor\":null,\"bold\":true,\"color\":{\"alpha\":1,\"value\":\"#454F5B\"},\"maxFontScale\":2,\"size\":12,\"strikethrough\":false,\"systemFontSize\":null,\"text\":\"최대 184원 적립\"}]},\"verticalScroll\":null},\"type\":\"LABEL\",\"widgetType\":null}],\"logging\":null,\"product\":null,\"property\":{\"action\":null,\"align\":[\"CENTER_VERTICAL\",\"LEFT\"],\"backgroundColor\":{\"alpha\":1,\"value\":\"#F1F4F6\"},\"border\":null,\"condition\":null,\"cornerRadius\":{\"leftBottom\":4,\"leftTop\":4,\"rightBottom\":4,\"rightTop\":4},\"customAttribute\":{\"width\":\"max-content\"},\"externalDataSource\":null,\"extra\":null,\"generateTabItemFromFeed\":null,\"gravity\":[],\"horizontalScroll\":false,\"image\":null,\"imageSlideProperty\":null,\"images\":[],\"indicator\":null,\"interaction\":null,\"isFlexible\":null,\"isNonCarousel\":null,\"isRecyclerView\":null,\"margin\":null,\"maxFilteredProductIndexesInTabItem\":null,\"minFilteredProductIndexesInTabItem\":null,\"miniSdpImageTab\":null,\"option\":null,\"optionGroups\":null,\"padding\":{\"bottom\":2,\"left\":6,\"right\":6,\"top\":2},\"productDetailUris\":[],\"progressBar\":null,\"rank\":null,\"rdsFillTab\":null,\"rdsImageTab\":null,\"rdsTextTab\":null,\"recyclerView\":null,\"size\":{\"height\":20,\"weight\":0,\"width\":-2},\"starRating\":null,\"text\":null,\"verticalScroll\":null},\"type\":\"H_STACK\",\"widgetType\":null}],\"logging\":{\"adLog\":{\"clickLogUri\":\"https://mercury.coupang.com/e.gif?r=78fd0f00-407f-11f0-96a8-006dda8e38f0%7E3\u0026korePlacement=16\u0026koreSubPlacement=1\u0026templateId=3886\",\"eventId\":\"78fd0f00-407f-11f0-96a8-006dda8e38f0\",\"impressionLogUri\":\"https://mercury.coupang.com/e.gif?r=78fd0f00-407f-11f0-96a8-006dda8e38f0%7E1\u0026korePlacement=16\u0026koreSubPlacement=1\u0026templateId=3886\",\"skipViewImpression\":\"\",\"viewImpression\":\"https://mercury.coupang.com/e.gif?r=78fd0f00-407f-11f0-96a8-006dda8e38f0%7E2\u0026korePlacement=16\u0026templateId=3886\"},\"bypass\":{\"clickReferrer\":\"\",\"clickSchemas\":[{\"extra\":{},\"id\":\"2959\",\"mandatory\":{\"logType\":\"click\",\"eventId\":\"78fd0f00-407f-11f0-96a8-006dda8e38f0\",\"rawBeacon\":\"https://mercury.coupang.com/e.gif?r=78fd0f00-407f-11f0-96a8-006dda8e38f0%7E3\u0026korePlacement=16\u0026koreSubPlacement=1\u0026templateId=3886\",\"productId\":\"6139176501\",\"vendorItemId\":\"79036230178\",\"query\":\"일본과자\",\"channel\":\"recent\",\"pageName\":\"srp\",\"itemId\":\"11762419890\",\"dcoTemplateId\":\"3886\",\"searchId\":\"afc562b78792054\",\"sourceType\":\"srp_feed_carousel_ads\",\"feedId\":\"db90a0b6e7264b7083b2c91805b2a97b\",\"domain\":\"srp\",\"eventName\":\"srp_bottom_carousel_click\",\"rank\":1,\"logCategory\":\"event\",\"contentType\":\"SRP\"},\"version\":\"3\"}],\"clicks\":[],\"exposure\":null,\"exposureSchema\":null,\"load\":null,\"loadSchema\":null},\"contribution\":null,\"sourceType\":\"srp_feed_carousel_ads\"},\"product\":true,\"property\":{\"action\":{\"data\":\"https://www.coupang.com/vp/products/6139176501?itemId=11762419890\u0026vendorItemId=79036230178\u0026sourceType=srp_feed_carousel_ads\u0026clickEventId=78fd0f00-407f-11f0-96a8-006dda8e38f0\u0026korePlacement=16\u0026koreSubPlacement=1\u0026templateId=3886\",\"isSendProductLJClickLogging\":null,\"isSendProductUEClickLogging\":null,\"logging\":null,\"moreLink\":{},\"type\":\"MOVE_PAGE\"},\"align\":[],\"backgroundColor\":null,\"border\":null,\"condition\":null,\"cornerRadius\":null,\"customAttribute\":null,\"externalDataSource\":null,\"extra\":null,\"generateTabItemFromFeed\":null,\"gravity\":[],\"horizontalScroll\":false,\"image\":null,\"imageSlideProperty\":null,\"images\":[],\"indicator\":null,\"interaction\":null,\"isFlexible\":null,\"isNonCarousel\":null,\"isRecyclerView\":null,\"margin\":{\"bottom\":10,\"left\":10,\"right\":0,\"top\":10},\"maxFilteredProductIndexesInTabItem\":null,\"minFilteredProductIndexesInTabItem\":null,\"miniSdpImageTab\":null,\"option\":null,\"optionGroups\":null,\"padding\":{\"bottom\":5,\"left\":5,\"right\":0,\"top\":5},\"productDetailUris\":[],\"progressBar\":null,\"rank\":null,\"rdsFillTab\":null,\"rdsImageTab\":null,\"rdsTextTab\":null,\"recyclerView\":null,\"size\":{\"height\":-2,\"weight\":0,\"width\":-2},\"starRating\":null,\"text\":null,\"verticalScroll\":null},\"type\":\"V_STACK\",\"widgetType\":null}],\"logging\":null,\"product\":null,\"property\":{\"action\":null,\"align\":[],\"backgroundColor\":null,\"border\":null,\"condition\":null,\"cornerRadius\":null,\"customAttribute\":null,\"externalDataSource\":null,\"extra\":null,\"generateTabItemFromFeed\":null,\"gravity\":[],\"horizontalScroll\":false,\"image\":null,\"imageSlideProperty\":null,\"images\":[],\"indicator\":null,\"interaction\":null,\"isFlexible\":null,\"isNonCarousel\":null,\"isRecyclerView\":null,\"margin\":{\"bottom\":0,\"left\":0,\"right\":10,\"top\":0},\"maxFilteredProductIndexesInTabItem\":null,\"minFilteredProductIndexesInTabItem\":null,\"miniSdpImageTab\":null,\"option\":null,\"optionGroups\":null,\"padding\":{\"bottom\":16,\"left\":0,\"right\":0,\"top\":0},\"productDetailUris\":[],\"progressBar\":null,\"rank\":null,\"rdsFillTab\":null,\"rdsImageTab\":null,\"rdsTextTab\":null,\"recyclerView\":null,\"size\":{\"height\":-2,\"weight\":0,\"width\":178},\"starRating\":null,\"text\":null,\"verticalScroll\":null},\"type\":\"H_STACK\",\"widgetType\":null},{\"_summary\":null,\"dataParts\":null,\"items\":[{\"_summary\":null,\"dataParts\":null,\"items\":[{\"_summary\":null,\"dataParts\":null,\"items\":[{\"_summary\":null,\"dataParts\":\"MAIN_IMAGE\",\"items\":[],\"logging\":null,\"product\":null,\"property\":{\"action\":null,\"align\":[],\"backgroundColor\":null,\"border\":null,\"condition\":null,\"cornerRadius\":null,\"customAttribute\":null,\"externalDataSource\":null,\"extra\":null,\"generateTabItemFromFeed\":null,\"gravity\":[],\"horizontalScroll\":false,\"image\":{\"duration\":null,\"scaleType\":null,\"size\":{\"height\":158,\"weight\":0,\"width\":158},\"ttiKey\":null,\"path\":\"https://thumbnail13.coupangcdn.com/thumbnails/remote/292x292q65ex/image/vendor_inventory/c5bd/0ec0f4e118ad503e641fe66220f155d59e8a758ed3aa6df62d8b058490c6.jpg\"},\"imageSlideProperty\":null,\"images\":[],\"indicator\":null,\"interaction\":null,\"isFlexible\":null,\"isNonCarousel\":null,\"isRecyclerView\":null,\"margin\":{\"bottom\":4,\"left\":0,\"right\":0,\"top\":0},\"maxFilteredProductIndexesInTabItem\":null,\"minFilteredProductIndexesInTabItem\":null,\"miniSdpImageTab\":null,\"option\":null,\"optionGroups\":null,\"padding\":null,\"productDetailUris\":[],\"progressBar\":null,\"rank\":null,\"rdsFillTab\":null,\"rdsImageTab\":null,\"rdsTextTab\":null,\"recyclerView\":null,\"size\":{\"height\":158,\"weight\":0,\"width\":158},\"starRating\":null,\"text\":null,\"verticalScroll\":null},\"type\":\"IMAGE\",\"widgetType\":null},{\"_summary\":null,\"dataParts\":\"FREE_SHIPPING\",\"items\":[],\"logging\":null,\"product\":null,\"property\":{\"action\":null,\"align\":[],\"backgroundColor\":null,\"border\":{\"color\":{\"alpha\":1,\"value\":\"\"},\"width\":0},\"condition\":null,\"cornerRadius\":{\"leftBottom\":0,\"leftTop\":0,\"rightBottom\":0,\"rightTop\":0},\"customAttribute\":null,\"externalDataSource\":null,\"extra\":null,\"generateTabItemFromFeed\":null,\"gravity\":[],\"horizontalScroll\":false,\"image\":null,\"imageSlideProperty\":null,\"images\":[],\"indicator\":null,\"interaction\":null,\"isFlexible\":null,\"isNonCarousel\":null,\"isRecyclerView\":null,\"margin\":{\"bottom\":0,\"left\":0,\"right\":0,\"top\":4},\"maxFilteredProductIndexesInTabItem\":null,\"minFilteredProductIndexesInTabItem\":null,\"miniSdpImageTab\":null,\"option\":null,\"optionGroups\":null,\"padding\":{\"bottom\":0,\"left\":0,\"right\":0,\"top\":0},\"productDetailUris\":[],\"progressBar\":null,\"rank\":null,\"rdsFillTab\":null,\"rdsImageTab\":null,\"rdsTextTab\":null,\"recyclerView\":null,\"size\":{\"height\":-2,\"weight\":0,\"width\":-2},\"starRating\":null,\"text\":{\"adjustLineHeight\":false,\"maxLines\":1,\"overrideSize\":null,\"overrideSystemFont\":null,\"textItems\":[{\"backgroundColor\":null,\"bold\":false,\"color\":{\"alpha\":1,\"value\":\"#454F5B\"},\"maxFontScale\":2,\"size\":12,\"strikethrough\":false,\"systemFontSize\":null,\"text\":\"무료배송\"}]},\"verticalScroll\":null},\"type\":\"LABEL\",\"widgetType\":null}],\"logging\":null,\"product\":null,\"property\":{\"action\":null,\"align\":[],\"backgroundColor\":null,\"border\":null,\"condition\":null,\"cornerRadius\":null,\"customAttribute\":null,\"externalDataSource\":null,\"extra\":null,\"generateTabItemFromFeed\":null,\"gravity\":[],\"horizontalScroll\":false,\"image\":null,\"imageSlideProperty\":null,\"images\":[],\"indicator\":null,\"interaction\":null,\"isFlexible\":null,\"isNonCarousel\":null,\"isRecyclerView\":null,\"margin\":{\"bottom\":4,\"left\":0,\"right\":0,\"top\":0},\"maxFilteredProductIndexesInTabItem\":null,\"minFilteredProductIndexesInTabItem\":null,\"miniSdpImageTab\":null,\"option\":null,\"optionGroups\":null,\"padding\":null,\"productDetailUris\":[],\"progressBar\":null,\"rank\":null,\"rdsFillTab\":null,\"rdsImageTab\":null,\"rdsTextTab\":null,\"recyclerView\":null,\"size\":{\"height\":186,\"weight\":0,\"width\":-2},\"starRating\":null,\"text\":null,\"verticalScroll\":null},\"type\":\"V_STACK\",\"widgetType\":null},{\"_summary\":null,\"dataParts\":\"PRODUCT_TITLE\",\"items\":[],\"logging\":null,\"product\":null,\"property\":{\"action\":null,\"align\":[],\"backgroundColor\":null,\"border\":null,\"condition\":null,\"cornerRadius\":null,\"customAttribute\":null,\"externalDataSource\":null,\"extra\":null,\"generateTabItemFromFeed\":null,\"gravity\":[],\"horizontalScroll\":false,\"image\":null,\"imageSlideProperty\":null,\"images\":[],\"indicator\":null,\"interaction\":null,\"isFlexible\":null,\"isNonCarousel\":null,\"isRecyclerView\":null,\"margin\":{\"bottom\":6,\"left\":0,\"right\":0,\"top\":0},\"maxFilteredProductIndexesInTabItem\":null,\"minFilteredProductIndexesInTabItem\":null,\"miniSdpImageTab\":null,\"option\":null,\"optionGroups\":null,\"padding\":null,\"productDetailUris\":[],\"progressBar\":null,\"rank\":null,\"rdsFillTab\":null,\"rdsImageTab\":null,\"rdsTextTab\":null,\"recyclerView\":null,\"size\":{\"height\":-2,\"weight\":0,\"width\":-1},\"starRating\":null,\"text\":{\"adjustLineHeight\":false,\"maxLines\":3,\"overrideSize\":null,\"overrideSystemFont\":null,\"textItems\":[{\"backgroundColor\":null,\"bold\":false,\"color\":{\"alpha\":1,\"value\":\"#212B36\"},\"maxFontScale\":2,\"size\":14,\"strikethrough\":false,\"systemFontSize\":null,\"text\":\"코스카 피스마니에 피스타치오, 150g, 1개\"}]},\"verticalScroll\":null},\"type\":\"LABEL\",\"widgetType\":null},{\"_summary\":null,\"dataParts\":null,\"items\":[{\"_summary\":null,\"dataParts\":\"PRICE\",\"items\":[],\"logging\":null,\"product\":null,\"property\":{\"action\":null,\"align\":[\"CENTER_VERTICAL\"],\"backgroundColor\":null,\"border\":null,\"condition\":null,\"cornerRadius\":null,\"customAttribute\":null,\"externalDataSource\":null,\"extra\":null,\"generateTabItemFromFeed\":null,\"gravity\":[],\"horizontalScroll\":false,\"image\":null,\"imageSlideProperty\":null,\"images\":[],\"indicator\":null,\"interaction\":null,\"isFlexible\":null,\"isNonCarousel\":null,\"isRecyclerView\":null,\"margin\":{\"bottom\":0,\"left\":0,\"right\":4,\"top\":0},\"maxFilteredProductIndexesInTabItem\":null,\"minFilteredProductIndexesInTabItem\":null,\"miniSdpImageTab\":null,\"option\":null,\"optionGroups\":null,\"padding\":null,\"productDetailUris\":[],\"progressBar\":null,\"rank\":null,\"rdsFillTab\":null,\"rdsImageTab\":null,\"rdsTextTab\":null,\"recyclerView\":null,\"size\":{\"height\":-2,\"weight\":0,\"width\":-2},\"starRating\":null,\"text\":{\"adjustLineHeight\":false,\"maxLines\":0,\"overrideSize\":null,\"overrideSystemFont\":null,\"textItems\":[{\"backgroundColor\":null,\"bold\":true,\"color\":{\"alpha\":1,\"value\":\"#CB1400\"},\"maxFontScale\":2,\"size\":16,\"strikethrough\":false,\"systemFontSize\":null,\"text\":\"12,900원\"}]},\"verticalScroll\":null},\"type\":\"LABEL\",\"widgetType\":null}],\"logging\":null,\"product\":null,\"property\":{\"action\":null,\"align\":[\"CENTER_VERTICAL\"],\"backgroundColor\":null,\"border\":null,\"condition\":null,\"cornerRadius\":null,\"customAttribute\":null,\"externalDataSource\":null,\"extra\":null,\"generateTabItemFromFeed\":null,\"gravity\":[],\"horizontalScroll\":false,\"image\":null,\"imageSlideProperty\":null,\"images\":[],\"indicator\":null,\"interaction\":null,\"isFlexible\":null,\"isNonCarousel\":null,\"isRecyclerView\":null,\"margin\":{\"bottom\":2,\"left\":0,\"right\":0,\"top\":0},\"maxFilteredProductIndexesInTabItem\":null,\"minFilteredProductIndexesInTabItem\":null,\"miniSdpImageTab\":null,\"option\":null,\"optionGroups\":null,\"padding\":null,\"productDetailUris\":[],\"progressBar\":null,\"rank\":null,\"rdsFillTab\":null,\"rdsImageTab\":null,\"rdsTextTab\":null,\"recyclerView\":null,\"size\":{\"height\":-2,\"weight\":0,\"width\":-2},\"starRating\":null,\"text\":null,\"verticalScroll\":null},\"type\":\"H_STACK\",\"widgetType\":null},{\"_summary\":null,\"dataParts\":\"UNIT_PRICE\",\"items\":[],\"logging\":null,\"product\":null,\"property\":{\"action\":null,\"align\":[],\"backgroundColor\":null,\"border\":null,\"condition\":null,\"cornerRadius\":null,\"customAttribute\":null,\"externalDataSource\":null,\"extra\":null,\"generateTabItemFromFeed\":null,\"gravity\":[],\"horizontalScroll\":false,\"image\":null,\"imageSlideProperty\":null,\"images\":[],\"indicator\":null,\"interaction\":null,\"isFlexible\":null,\"isNonCarousel\":null,\"isRecyclerView\":null,\"margin\":{\"bottom\":3,\"left\":0,\"right\":0,\"top\":0},\"maxFilteredProductIndexesInTabItem\":null,\"minFilteredProductIndexesInTabItem\":null,\"miniSdpImageTab\":null,\"option\":null,\"optionGroups\":null,\"padding\":null,\"productDetailUris\":[],\"progressBar\":null,\"rank\":null,\"rdsFillTab\":null,\"rdsImageTab\":null,\"rdsTextTab\":null,\"recyclerView\":null,\"size\":{\"height\":-2,\"weight\":0,\"width\":-2},\"starRating\":null,\"text\":{\"adjustLineHeight\":false,\"maxLines\":0,\"overrideSize\":null,\"overrideSystemFont\":null,\"textItems\":[{\"backgroundColor\":null,\"bold\":false,\"color\":{\"alpha\":1,\"value\":\"#CB1400\"},\"maxFontScale\":2,\"size\":11,\"strikethrough\":false,\"systemFontSize\":null,\"text\":\"(10g당 860원)\"}]},\"verticalScroll\":null},\"type\":\"LABEL\",\"widgetType\":null},{\"_summary\":null,\"dataParts\":null,\"items\":[],\"logging\":null,\"product\":null,\"property\":{\"action\":null,\"align\":[],\"backgroundColor\":null,\"border\":null,\"condition\":null,\"cornerRadius\":null,\"customAttribute\":null,\"externalDataSource\":null,\"extra\":null,\"generateTabItemFromFeed\":null,\"gravity\":[],\"horizontalScroll\":false,\"image\":null,\"imageSlideProperty\":null,\"images\":[],\"indicator\":null,\"interaction\":null,\"isFlexible\":null,\"isNonCarousel\":null,\"isRecyclerView\":null,\"margin\":null,\"maxFilteredProductIndexesInTabItem\":null,\"minFilteredProductIndexesInTabItem\":null,\"miniSdpImageTab\":null,\"option\":null,\"optionGroups\":null,\"padding\":null,\"productDetailUris\":[],\"progressBar\":null,\"rank\":null,\"rdsFillTab\":null,\"rdsImageTab\":null,\"rdsTextTab\":null,\"recyclerView\":null,\"size\":{\"height\":-2,\"weight\":0,\"width\":-2},\"starRating\":null,\"text\":null,\"verticalScroll\":null},\"type\":\"V_STACK\",\"widgetType\":null},{\"_summary\":null,\"dataParts\":\"PROMISED_DELIVERY_DATE\",\"items\":[],\"logging\":null,\"product\":null,\"property\":{\"action\":null,\"align\":[],\"backgroundColor\":null,\"border\":null,\"condition\":null,\"cornerRadius\":null,\"customAttribute\":null,\"externalDataSource\":null,\"extra\":null,\"generateTabItemFromFeed\":null,\"gravity\":[],\"horizontalScroll\":false,\"image\":null,\"imageSlideProperty\":null,\"images\":[],\"indicator\":null,\"interaction\":null,\"isFlexible\":null,\"isNonCarousel\":null,\"isRecyclerView\":null,\"margin\":{\"bottom\":6,\"left\":0,\"right\":0,\"top\":3},\"maxFilteredProductIndexesInTabItem\":null,\"minFilteredProductIndexesInTabItem\":null,\"miniSdpImageTab\":null,\"option\":null,\"optionGroups\":null,\"padding\":null,\"productDetailUris\":[],\"progressBar\":null,\"rank\":null,\"rdsFillTab\":null,\"rdsImageTab\":null,\"rdsTextTab\":null,\"recyclerView\":null,\"size\":{\"height\":-2,\"weight\":0,\"width\":-2},\"starRating\":null,\"text\":{\"adjustLineHeight\":false,\"maxLines\":0,\"overrideSize\":14,\"overrideSystemFont\":null,\"textItems\":[{\"backgroundColor\":null,\"bold\":false,\"color\":{\"alpha\":1,\"value\":\"#212B36\"},\"maxFontScale\":2,\"size\":14,\"strikethrough\":false,\"systemFontSize\":null,\"text\":\"6/7(토) \"},{\"backgroundColor\":null,\"bold\":false,\"color\":{\"alpha\":1,\"value\":\"#212B36\"},\"maxFontScale\":2,\"size\":14,\"strikethrough\":false,\"systemFontSize\":null,\"text\":\"도착 예정\"}]},\"verticalScroll\":null},\"type\":\"LABEL\",\"widgetType\":null},{\"_summary\":null,\"dataParts\":null,\"items\":[{\"_summary\":null,\"dataParts\":\"STAR_RATING\",\"items\":[],\"logging\":null,\"product\":null,\"property\":{\"action\":null,\"align\":[\"CENTER_VERTICAL\"],\"backgroundColor\":null,\"border\":null,\"condition\":null,\"cornerRadius\":null,\"customAttribute\":null,\"externalDataSource\":null,\"extra\":null,\"generateTabItemFromFeed\":null,\"gravity\":[],\"horizontalScroll\":false,\"image\":null,\"imageSlideProperty\":null,\"images\":[],\"indicator\":null,\"interaction\":null,\"isFlexible\":null,\"isNonCarousel\":null,\"isRecyclerView\":null,\"margin\":{\"bottom\":0,\"left\":0,\"right\":4,\"top\":0},\"maxFilteredProductIndexesInTabItem\":null,\"minFilteredProductIndexesInTabItem\":null,\"miniSdpImageTab\":null,\"option\":null,\"optionGroups\":null,\"padding\":null,\"productDetailUris\":[],\"progressBar\":null,\"rank\":null,\"rdsFillTab\":null,\"rdsImageTab\":null,\"rdsTextTab\":null,\"recyclerView\":null,\"size\":{\"height\":-2,\"weight\":0,\"width\":-2},\"starRating\":{\"rating\":4.5,\"style\":\"SMALL\"},\"text\":null,\"verticalScroll\":null},\"type\":\"STAR_RATING\",\"widgetType\":null},{\"_summary\":null,\"dataParts\":\"STAR_RATING_COUNT\",\"items\":[],\"logging\":null,\"product\":null,\"property\":{\"action\":null,\"align\":[\"CENTER_VERTICAL\"],\"backgroundColor\":{\"alpha\":1,\"value\":\"\"},\"border\":null,\"condition\":null,\"cornerRadius\":null,\"customAttribute\":null,\"externalDataSource\":null,\"extra\":null,\"generateTabItemFromFeed\":null,\"gravity\":[\"CENTER_VERTICAL\"],\"horizontalScroll\":false,\"image\":null,\"imageSlideProperty\":null,\"images\":[],\"indicator\":null,\"interaction\":null,\"isFlexible\":null,\"isNonCarousel\":null,\"isRecyclerView\":null,\"margin\":{\"bottom\":0,\"left\":0,\"right\":0,\"top\":0},\"maxFilteredProductIndexesInTabItem\":null,\"minFilteredProductIndexesInTabItem\":null,\"miniSdpImageTab\":null,\"option\":null,\"optionGroups\":null,\"padding\":null,\"productDetailUris\":[],\"progressBar\":null,\"rank\":null,\"rdsFillTab\":null,\"rdsImageTab\":null,\"rdsTextTab\":null,\"recyclerView\":null,\"size\":{\"height\":-2,\"weight\":0,\"width\":-2},\"starRating\":null,\"text\":{\"adjustLineHeight\":false,\"maxLines\":0,\"overrideSize\":null,\"overrideSystemFont\":null,\"textItems\":[{\"backgroundColor\":null,\"bold\":false,\"color\":{\"alpha\":1,\"value\":\"#768695\"},\"maxFontScale\":2,\"size\":12,\"strikethrough\":false,\"systemFontSize\":null,\"text\":\"(274)\"}]},\"verticalScroll\":null},\"type\":\"LABEL\",\"widgetType\":null}],\"logging\":null,\"product\":null,\"property\":{\"action\":null,\"align\":[\"CENTER_VERTICAL\"],\"backgroundColor\":null,\"border\":null,\"condition\":null,\"cornerRadius\":null,\"customAttribute\":null,\"externalDataSource\":null,\"extra\":null,\"generateTabItemFromFeed\":null,\"gravity\":[],\"horizontalScroll\":false,\"image\":null,\"imageSlideProperty\":null,\"images\":[],\"indicator\":null,\"interaction\":null,\"isFlexible\":null,\"isNonCarousel\":null,\"isRecyclerView\":null,\"margin\":{\"bottom\":8,\"left\":0,\"right\":0,\"top\":0},\"maxFilteredProductIndexesInTabItem\":null,\"minFilteredProductIndexesInTabItem\":null,\"miniSdpImageTab\":null,\"option\":null,\"optionGroups\":null,\"padding\":null,\"productDetailUris\":[],\"progressBar\":null,\"rank\":null,\"rdsFillTab\":null,\"rdsImageTab\":null,\"rdsTextTab\":null,\"recyclerView\":null,\"size\":{\"height\":-2,\"weight\":0,\"width\":-2},\"starRating\":null,\"text\":null,\"verticalScroll\":null},\"type\":\"H_STACK\",\"widgetType\":null},{\"_summary\":null,\"dataParts\":\"ROCKET_CASH_REWARD\",\"items\":[{\"_summary\":null,\"dataParts\":null,\"items\":[],\"logging\":null,\"product\":null,\"property\":{\"action\":null,\"align\":[\"CENTER_VERTICAL\"],\"backgroundColor\":null,\"border\":null,\"condition\":null,\"cornerRadius\":null,\"customAttribute\":null,\"externalDataSource\":null,\"extra\":null,\"generateTabItemFromFeed\":null,\"gravity\":[],\"horizontalScroll\":false,\"image\":{\"duration\":null,\"scaleType\":null,\"size\":{\"height\":-2,\"weight\":0,\"width\":-2},\"ttiKey\":null,\"path\":\"http://image7.coupangcdn.com/image/badges/cashback/aos/xxxhdpi/list_cash_icon.png\"},\"imageSlideProperty\":null,\"images\":[],\"indicator\":null,\"interaction\":null,\"isFlexible\":null,\"isNonCarousel\":null,\"isRecyclerView\":null,\"margin\":{\"bottom\":0,\"left\":0,\"right\":4,\"top\":1},\"maxFilteredProductIndexesInTabItem\":null,\"minFilteredProductIndexesInTabItem\":null,\"miniSdpImageTab\":null,\"option\":null,\"optionGroups\":null,\"padding\":null,\"productDetailUris\":[],\"progressBar\":null,\"rank\":null,\"rdsFillTab\":null,\"rdsImageTab\":null,\"rdsTextTab\":null,\"recyclerView\":null,\"size\":{\"height\":12,\"weight\":0,\"width\":-2},\"starRating\":null,\"text\":null,\"verticalScroll\":null},\"type\":\"IMAGE\",\"widgetType\":null},{\"_summary\":null,\"dataParts\":null,\"items\":[],\"logging\":null,\"product\":null,\"property\":{\"action\":null,\"align\":[\"CENTER_VERTICAL\"],\"backgroundColor\":null,\"border\":null,\"condition\":null,\"cornerRadius\":null,\"customAttribute\":null,\"externalDataSource\":null,\"extra\":null,\"generateTabItemFromFeed\":null,\"gravity\":[],\"horizontalScroll\":false,\"image\":null,\"imageSlideProperty\":null,\"images\":[],\"indicator\":null,\"interaction\":null,\"isFlexible\":null,\"isNonCarousel\":null,\"isRecyclerView\":null,\"margin\":{\"bottom\":1,\"left\":0,\"right\":0,\"top\":0},\"maxFilteredProductIndexesInTabItem\":null,\"minFilteredProductIndexesInTabItem\":null,\"miniSdpImageTab\":null,\"option\":null,\"optionGroups\":null,\"padding\":{\"bottom\":0,\"left\":0,\"right\":0,\"top\":0},\"productDetailUris\":[],\"progressBar\":null,\"rank\":null,\"rdsFillTab\":null,\"rdsImageTab\":null,\"rdsTextTab\":null,\"recyclerView\":null,\"size\":{\"height\":-2,\"weight\":0,\"width\":-2},\"starRating\":null,\"text\":{\"adjustLineHeight\":false,\"maxLines\":0,\"overrideSize\":null,\"overrideSystemFont\":null,\"textItems\":[{\"backgroundColor\":null,\"bold\":true,\"color\":{\"alpha\":1,\"value\":\"#454F5B\"},\"maxFontScale\":2,\"size\":12,\"strikethrough\":false,\"systemFontSize\":null,\"text\":\"최대 561원 적립\"}]},\"verticalScroll\":null},\"type\":\"LABEL\",\"widgetType\":null}],\"logging\":null,\"product\":null,\"property\":{\"action\":null,\"align\":[\"CENTER_VERTICAL\",\"LEFT\"],\"backgroundColor\":{\"alpha\":1,\"value\":\"#F1F4F6\"},\"border\":null,\"condition\":null,\"cornerRadius\":{\"leftBottom\":4,\"leftTop\":4,\"rightBottom\":4,\"rightTop\":4},\"customAttribute\":{\"width\":\"max-content\"},\"externalDataSource\":null,\"extra\":null,\"generateTabItemFromFeed\":null,\"gravity\":[],\"horizontalScroll\":false,\"image\":null,\"imageSlideProperty\":null,\"images\":[],\"indicator\":null,\"interaction\":null,\"isFlexible\":null,\"isNonCarousel\":null,\"isRecyclerView\":null,\"margin\":null,\"maxFilteredProductIndexesInTabItem\":null,\"minFilteredProductIndexesInTabItem\":null,\"miniSdpImageTab\":null,\"option\":null,\"optionGroups\":null,\"padding\":{\"bottom\":2,\"left\":6,\"right\":6,\"top\":2},\"productDetailUris\":[],\"progressBar\":null,\"rank\":null,\"rdsFillTab\":null,\"rdsImageTab\":null,\"rdsTextTab\":null,\"recyclerView\":null,\"size\":{\"height\":20,\"weight\":0,\"width\":-2},\"starRating\":null,\"text\":null,\"verticalScroll\":null},\"type\":\"H_STACK\",\"widgetType\":null}],\"logging\":{\"adLog\":{\"clickLogUri\":\"https://mercury.coupang.com/e.gif?r=78fd0f00-407f-11f0-9f78-85bdba88a24e%7E3\u0026korePlacement=16\u0026koreSubPlacement=2\u0026templateId=3886\",\"eventId\":\"78fd0f00-407f-11f0-9f78-85bdba88a24e\",\"impressionLogUri\":\"https://mercury.coupang.com/e.gif?r=78fd0f00-407f-11f0-9f78-85bdba88a24e%7E1\u0026korePlacement=16\u0026koreSubPlacement=2\u0026templateId=3886\",\"skipViewImpression\":\"\",\"viewImpression\":\"https://mercury.coupang.com/e.gif?r=78fd0f00-407f-11f0-9f78-85bdba88a24e%7E2\u0026korePlacement=16\u0026templateId=3886\"},\"bypass\":{\"clickReferrer\":\"\",\"clickSchemas\":[{\"extra\":{},\"id\":\"2959\",\"mandatory\":{\"logType\":\"click\",\"eventId\":\"78fd0f00-407f-11f0-9f78-85bdba88a24e\",\"rawBeacon\":\"https://mercury.coupang.com/e.gif?r=78fd0f00-407f-11f0-9f78-85bdba88a24e%7E3\u0026korePlacement=16\u0026koreSubPlacement=2\u0026templateId=3886\",\"productId\":\"7699761256\",\"vendorItemId\":\"84595952798\",\"query\":\"일본과자\",\"channel\":\"recent\",\"pageName\":\"srp\",\"itemId\":\"17426849077\",\"dcoTemplateId\":\"3886\",\"searchId\":\"afc562b78792054\",\"sourceType\":\"srp_feed_carousel_ads\",\"feedId\":\"db90a0b6e7264b7083b2c91805b2a97b\",\"domain\":\"srp\",\"eventName\":\"srp_bottom_carousel_click\",\"rank\":2,\"logCategory\":\"event\",\"contentType\":\"SRP\"},\"version\":\"3\"}],\"clicks\":[],\"exposure\":null,\"exposureSchema\":null,\"load\":null,\"loadSchema\":null},\"contribution\":null,\"sourceType\":\"srp_feed_carousel_ads\"},\"product\":true,\"property\":{\"action\":{\"data\":\"https://www.coupang.com/vp/products/7699761256?itemId=17426849077\u0026vendorItemId=84595952798\u0026sourceType=srp_feed_carousel_ads\u0026clickEventId=78fd0f00-407f-11f0-9f78-85bdba88a24e\u0026korePlacement=16\u0026koreSubPlacement=2\u0026templateId=3886\",\"isSendProductLJClickLogging\":null,\"isSendProductUEClickLogging\":null,\"logging\":null,\"moreLink\":{},\"type\":\"MOVE_PAGE\"},\"align\":[],\"backgroundColor\":null,\"border\":null,\"condition\":null,\"cornerRadius\":null,\"customAttribute\":null,\"externalDataSource\":null,\"extra\":null,\"generateTabItemFromFeed\":null,\"gravity\":[],\"horizontalScroll\":false,\"image\":null,\"imageSlideProperty\":null,\"images\":[],\"indicator\":null,\"interaction\":null,\"isFlexible\":null,\"isNonCarousel\":null,\"isRecyclerView\":null,\"margin\":{\"bottom\":10,\"left\":10,\"right\":0,\"top\":10},\"maxFilteredProductIndexesInTabItem\":null,\"minFilteredProductIndexesInTabItem\":null,\"miniSdpImageTab\":null,\"option\":null,\"optionGroups\":null,\"padding\":{\"bottom\":5,\"left\":5,\"right\":0,\"top\":5},\"productDetailUris\":[],\"progressBar\":null,\"rank\":null,\"rdsFillTab\":null,\"rdsImageTab\":null,\"rdsTextTab\":null,\"recyclerView\":null,\"size\":{\"height\":-2,\"weight\":0,\"width\":-2},\"starRating\":null,\"text\":null,\"verticalScroll\":null},\"type\":\"V_STACK\",\"widgetType\":null}],\"logging\":null,\"product\":null,\"property\":{\"action\":null,\"align\":[],\"backgroundColor\":null,\"border\":null,\"condition\":null,\"cornerRadius\":null,\"customAttribute\":null,\"externalDataSource\":null,\"extra\":null,\"generateTabItemFromFeed\":null,\"gravity\":[],\"horizontalScroll\":false,\"image\":null,\"imageSlideProperty\":null,\"images\":[],\"indicator\":null,\"interaction\":null,\"isFlexible\":null,\"isNonCarousel\":null,\"isRecyclerView\":null,\"margin\":{\"bottom\":0,\"left\":0,\"right\":10,\"top\":0},\"maxFilteredProductIndexesInTabItem\":null,\"minFilteredProductIndexesInTabItem\":null,\"miniSdpImageTab\":null,\"option\":null,\"optionGroups\":null,\"padding\":{\"bottom\":16,\"left\":0,\"right\":0,\"top\":0},\"productDetailUris\":[],\"progressBar\":null,\"rank\":null,\"rdsFillTab\":null,\"rdsImageTab\":null,\"rdsTextTab\":null,\"recyclerView\":null,\"size\":{\"height\":-2,\"weight\":0,\"width\":178},\"starRating\":null,\"text\":null,\"verticalScroll\":null},\"type\":\"H_STACK\",\"widgetType\":null},{\"_summary\":null,\"dataParts\":null,\"items\":[{\"_summary\":null,\"dataParts\":null,\"items\":[{\"_summary\":null,\"dataParts\":null,\"items\":[{\"_summary\":null,\"dataParts\":\"MAIN_IMAGE\",\"items\":[],\"logging\":null,\"product\":null,\"property\":{\"action\":null,\"align\":[],\"backgroundColor\":null,\"border\":null,\"condition\":null,\"cornerRadius\":null,\"customAttribute\":null,\"externalDataSource\":null,\"extra\":null,\"generateTabItemFromFeed\":null,\"gravity\":[],\"horizontalScroll\":false,\"image\":{\"duration\":null,\"scaleType\":null,\"size\":{\"height\":158,\"weight\":0,\"width\":158},\"ttiKey\":null,\"path\":\"https://thumbnail12.coupangcdn.com/thumbnails/remote/292x292q65ex/image/vendor_inventory/5434/57bbee04979d6cd8c8cf44b45f09fe15846b2a757ff3ccb061f890e1f09a.jpg\"},\"imageSlideProperty\":null,\"images\":[],\"indicator\":null,\"interaction\":null,\"isFlexible\":null,\"isNonCarousel\":null,\"isRecyclerView\":null,\"margin\":{\"bottom\":4,\"left\":0,\"right\":0,\"top\":0},\"maxFilteredProductIndexesInTabItem\":null,\"minFilteredProductIndexesInTabItem\":null,\"miniSdpImageTab\":null,\"option\":null,\"optionGroups\":null,\"padding\":null,\"productDetailUris\":[],\"progressBar\":null,\"rank\":null,\"rdsFillTab\":null,\"rdsImageTab\":null,\"rdsTextTab\":null,\"recyclerView\":null,\"size\":{\"height\":158,\"weight\":0,\"width\":158},\"starRating\":null,\"text\":null,\"verticalScroll\":null},\"type\":\"IMAGE\",\"widgetType\":null}],\"logging\":null,\"product\":null,\"property\":{\"action\":null,\"align\":[],\"backgroundColor\":null,\"border\":null,\"condition\":null,\"cornerRadius\":null,\"customAttribute\":null,\"externalDataSource\":null,\"extra\":null,\"generateTabItemFromFeed\":null,\"gravity\":[],\"horizontalScroll\":false,\"image\":null,\"imageSlideProperty\":null,\"images\":[],\"indicator\":null,\"interaction\":null,\"isFlexible\":null,\"isNonCarousel\":null,\"isRecyclerView\":null,\"margin\":{\"bottom\":4,\"left\":0,\"right\":0,\"top\":0},\"maxFilteredProductIndexesInTabItem\":null,\"minFilteredProductIndexesInTabItem\":null,\"miniSdpImageTab\":null,\"option\":null,\"optionGroups\":null,\"padding\":null,\"productDetailUris\":[],\"progressBar\":null,\"rank\":null,\"rdsFillTab\":null,\"rdsImageTab\":null,\"rdsTextTab\":null,\"recyclerView\":null,\"size\":{\"height\":186,\"weight\":0,\"width\":-2},\"starRating\":null,\"text\":null,\"verticalScroll\":null},\"type\":\"V_STACK\",\"widgetType\":null},{\"_summary\":null,\"dataParts\":\"PRODUCT_TITLE\",\"items\":[],\"logging\":null,\"product\":null,\"property\":{\"action\":null,\"align\":[],\"backgroundColor\":null,\"border\":null,\"condition\":null,\"cornerRadius\":null,\"customAttribute\":null,\"externalDataSource\":null,\"extra\":null,\"generateTabItemFromFeed\":null,\"gravity\":[],\"horizontalScroll\":false,\"image\":null,\"imageSlideProperty\":null,\"images\":[],\"indicator\":null,\"interaction\":null,\"isFlexible\":null,\"isNonCarousel\":null,\"isRecyclerView\":null,\"margin\":{\"bottom\":6,\"left\":0,\"right\":0,\"top\":0},\"maxFilteredProductIndexesInTabItem\":null,\"minFilteredProductIndexesInTabItem\":null,\"miniSdpImageTab\":null,\"option\":null,\"optionGroups\":null,\"padding\":null,\"productDetailUris\":[],\"progressBar\":null,\"rank\":null,\"rdsFillTab\":null,\"rdsImageTab\":null,\"rdsTextTab\":null,\"recyclerView\":null,\"size\":{\"height\":-2,\"weight\":0,\"width\":-1},\"starRating\":null,\"text\":{\"adjustLineHeight\":false,\"maxLines\":3,\"overrideSize\":null,\"overrideSystemFont\":null,\"textItems\":[{\"backgroundColor\":null,\"bold\":false,\"color\":{\"alpha\":1,\"value\":\"#212B36\"},\"maxFontScale\":2,\"size\":14,\"strikethrough\":false,\"systemFontSize\":null,\"text\":\"카메다 우스야끼 새우 70g, 1개\"}]},\"verticalScroll\":null},\"type\":\"LABEL\",\"widgetType\":null},{\"_summary\":null,\"dataParts\":\"DISCOUNT_RATE\",\"items\":[{\"_summary\":null,\"dataParts\":\"DISCOUNT_RATE\",\"items\":[],\"logging\":null,\"product\":null,\"property\":{\"action\":null,\"align\":[],\"backgroundColor\":null,\"border\":null,\"condition\":null,\"cornerRadius\":null,\"customAttribute\":null,\"externalDataSource\":null,\"extra\":null,\"generateTabItemFromFeed\":null,\"gravity\":[],\"horizontalScroll\":false,\"image\":null,\"imageSlideProperty\":null,\"images\":[],\"indicator\":null,\"interaction\":null,\"isFlexible\":null,\"isNonCarousel\":null,\"isRecyclerView\":null,\"margin\":{\"bottom\":0,\"left\":0,\"right\":2,\"top\":0},\"maxFilteredProductIndexesInTabItem\":null,\"minFilteredProductIndexesInTabItem\":null,\"miniSdpImageTab\":null,\"option\":null,\"optionGroups\":null,\"padding\":null,\"productDetailUris\":[],\"progressBar\":null,\"rank\":null,\"rdsFillTab\":null,\"rdsImageTab\":null,\"rdsTextTab\":null,\"recyclerView\":null,\"size\":{\"height\":-2,\"weight\":0,\"width\":-2},\"starRating\":null,\"text\":{\"adjustLineHeight\":false,\"maxLines\":0,\"overrideSize\":null,\"overrideSystemFont\":null,\"textItems\":[{\"backgroundColor\":null,\"bold\":false,\"color\":{\"alpha\":1,\"value\":\"#768695\"},\"maxFontScale\":2,\"size\":12,\"strikethrough\":false,\"systemFontSize\":null,\"text\":\"4%\"}]},\"verticalScroll\":null},\"type\":\"LABEL\",\"widgetType\":null},{\"_summary\":null,\"dataParts\":\"ORIGINAL_PRICE\",\"items\":[],\"logging\":null,\"product\":null,\"property\":{\"action\":null,\"align\":[],\"backgroundColor\":null,\"border\":null,\"condition\":null,\"cornerRadius\":null,\"customAttribute\":null,\"externalDataSource\":null,\"extra\":null,\"generateTabItemFromFeed\":null,\"gravity\":[],\"horizontalScroll\":false,\"image\":null,\"imageSlideProperty\":null,\"images\":[],\"indicator\":null,\"interaction\":null,\"isFlexible\":null,\"isNonCarousel\":null,\"isRecyclerView\":null,\"margin\":{\"bottom\":0,\"left\":0,\"right\":4,\"top\":0},\"maxFilteredProductIndexesInTabItem\":null,\"minFilteredProductIndexesInTabItem\":null,\"miniSdpImageTab\":null,\"option\":null,\"optionGroups\":null,\"padding\":null,\"productDetailUris\":[],\"progressBar\":null,\"rank\":null,\"rdsFillTab\":null,\"rdsImageTab\":null,\"rdsTextTab\":null,\"recyclerView\":null,\"size\":{\"height\":-2,\"weight\":0,\"width\":-2},\"starRating\":null,\"text\":{\"adjustLineHeight\":false,\"maxLines\":0,\"overrideSize\":null,\"overrideSystemFont\":null,\"textItems\":[{\"backgroundColor\":null,\"bold\":false,\"color\":{\"alpha\":1,\"value\":\"#768695\"},\"maxFontScale\":2,\"size\":12,\"strikethrough\":true,\"systemFontSize\":null,\"text\":\"4,300원\"}]},\"verticalScroll\":null},\"type\":\"LABEL\",\"widgetType\":null}],\"logging\":null,\"product\":null,\"property\":{\"action\":null,\"align\":[],\"backgroundColor\":null,\"border\":null,\"condition\":null,\"cornerRadius\":null,\"customAttribute\":null,\"externalDataSource\":null,\"extra\":null,\"generateTabItemFromFeed\":null,\"gravity\":[],\"horizontalScroll\":false,\"image\":null,\"imageSlideProperty\":null,\"images\":[],\"indicator\":null,\"interaction\":null,\"isFlexible\":null,\"isNonCarousel\":null,\"isRecyclerView\":null,\"margin\":null,\"maxFilteredProductIndexesInTabItem\":null,\"minFilteredProductIndexesInTabItem\":null,\"miniSdpImageTab\":null,\"option\":null,\"optionGroups\":null,\"padding\":null,\"productDetailUris\":[],\"progressBar\":null,\"rank\":null,\"rdsFillTab\":null,\"rdsImageTab\":null,\"rdsTextTab\":null,\"recyclerView\":null,\"size\":{\"height\":-2,\"weight\":0,\"width\":-2},\"starRating\":null,\"text\":null,\"verticalScroll\":null},\"type\":\"H_STACK\",\"widgetType\":null},{\"_summary\":null,\"dataParts\":null,\"items\":[{\"_summary\":null,\"dataParts\":\"PRICE\",\"items\":[],\"logging\":null,\"product\":null,\"property\":{\"action\":null,\"align\":[\"CENTER_VERTICAL\"],\"backgroundColor\":null,\"border\":null,\"condition\":null,\"cornerRadius\":null,\"customAttribute\":null,\"externalDataSource\":null,\"extra\":null,\"generateTabItemFromFeed\":null,\"gravity\":[],\"horizontalScroll\":false,\"image\":null,\"imageSlideProperty\":null,\"images\":[],\"indicator\":null,\"interaction\":null,\"isFlexible\":null,\"isNonCarousel\":null,\"isRecyclerView\":null,\"margin\":{\"bottom\":0,\"left\":0,\"right\":4,\"top\":0},\"maxFilteredProductIndexesInTabItem\":null,\"minFilteredProductIndexesInTabItem\":null,\"miniSdpImageTab\":null,\"option\":null,\"optionGroups\":null,\"padding\":null,\"productDetailUris\":[],\"progressBar\":null,\"rank\":null,\"rdsFillTab\":null,\"rdsImageTab\":null,\"rdsTextTab\":null,\"recyclerView\":null,\"size\":{\"height\":-2,\"weight\":0,\"width\":-2},\"starRating\":null,\"text\":{\"adjustLineHeight\":false,\"maxLines\":0,\"overrideSize\":null,\"overrideSystemFont\":null,\"textItems\":[{\"backgroundColor\":null,\"bold\":true,\"color\":{\"alpha\":1,\"value\":\"#CB1400\"},\"maxFontScale\":2,\"size\":16,\"strikethrough\":false,\"systemFontSize\":null,\"text\":\"4,100원\"}]},\"verticalScroll\":null},\"type\":\"LABEL\",\"widgetType\":null}],\"logging\":null,\"product\":null,\"property\":{\"action\":null,\"align\":[\"CENTER_VERTICAL\"],\"backgroundColor\":null,\"border\":null,\"condition\":null,\"cornerRadius\":null,\"customAttribute\":null,\"externalDataSource\":null,\"extra\":null,\"generateTabItemFromFeed\":null,\"gravity\":[],\"horizontalScroll\":false,\"image\":null,\"imageSlideProperty\":null,\"images\":[],\"indicator\":null,\"interaction\":null,\"isFlexible\":null,\"isNonCarousel\":null,\"isRecyclerView\":null,\"margin\":{\"bottom\":2,\"left\":0,\"right\":0,\"top\":0},\"maxFilteredProductIndexesInTabItem\":null,\"minFilteredProductIndexesInTabItem\":null,\"miniSdpImageTab\":null,\"option\":null,\"optionGroups\":null,\"padding\":null,\"productDetailUris\":[],\"progressBar\":null,\"rank\":null,\"rdsFillTab\":null,\"rdsImageTab\":null,\"rdsTextTab\":null,\"recyclerView\":null,\"size\":{\"height\":-2,\"weight\":0,\"width\":-2},\"starRating\":null,\"text\":null,\"verticalScroll\":null},\"type\":\"H_STACK\",\"widgetType\":null},{\"_summary\":null,\"dataParts\":\"UNIT_PRICE\",\"items\":[],\"logging\":null,\"product\":null,\"property\":{\"action\":null,\"align\":[],\"backgroundColor\":null,\"border\":null,\"condition\":null,\"cornerRadius\":null,\"customAttribute\":null,\"externalDataSource\":null,\"extra\":null,\"generateTabItemFromFeed\":null,\"gravity\":[],\"horizontalScroll\":false,\"image\":null,\"imageSlideProperty\":null,\"images\":[],\"indicator\":null,\"interaction\":null,\"isFlexible\":null,\"isNonCarousel\":null,\"isRecyclerView\":null,\"margin\":{\"bottom\":3,\"left\":0,\"right\":0,\"top\":0},\"maxFilteredProductIndexesInTabItem\":null,\"minFilteredProductIndexesInTabItem\":null,\"miniSdpImageTab\":null,\"option\":null,\"optionGroups\":null,\"padding\":null,\"productDetailUris\":[],\"progressBar\":null,\"rank\":null,\"rdsFillTab\":null,\"rdsImageTab\":null,\"rdsTextTab\":null,\"recyclerView\":null,\"size\":{\"height\":-2,\"weight\":0,\"width\":-2},\"starRating\":null,\"text\":{\"adjustLineHeight\":false,\"maxLines\":0,\"overrideSize\":null,\"overrideSystemFont\":null,\"textItems\":[{\"backgroundColor\":null,\"bold\":false,\"color\":{\"alpha\":1,\"value\":\"#CB1400\"},\"maxFontScale\":2,\"size\":11,\"strikethrough\":false,\"systemFontSize\":null,\"text\":\"(10g당 586원)\"}]},\"verticalScroll\":null},\"type\":\"LABEL\",\"widgetType\":null},{\"_summary\":null,\"dataParts\":null,\"items\":[],\"logging\":null,\"product\":null,\"property\":{\"action\":null,\"align\":[],\"backgroundColor\":null,\"border\":null,\"condition\":null,\"cornerRadius\":null,\"customAttribute\":null,\"externalDataSource\":null,\"extra\":null,\"generateTabItemFromFeed\":null,\"gravity\":[],\"horizontalScroll\":false,\"image\":null,\"imageSlideProperty\":null,\"images\":[],\"indicator\":null,\"interaction\":null,\"isFlexible\":null,\"isNonCarousel\":null,\"isRecyclerView\":null,\"margin\":null,\"maxFilteredProductIndexesInTabItem\":null,\"minFilteredProductIndexesInTabItem\":null,\"miniSdpImageTab\":null,\"option\":null,\"optionGroups\":null,\"padding\":null,\"productDetailUris\":[],\"progressBar\":null,\"rank\":null,\"rdsFillTab\":null,\"rdsImageTab\":null,\"rdsTextTab\":null,\"recyclerView\":null,\"size\":{\"height\":-2,\"weight\":0,\"width\":-2},\"starRating\":null,\"text\":null,\"verticalScroll\":null},\"type\":\"V_STACK\",\"widgetType\":null},{\"_summary\":null,\"dataParts\":\"PROMISED_DELIVERY_DATE\",\"items\":[],\"logging\":null,\"product\":null,\"property\":{\"action\":null,\"align\":[],\"backgroundColor\":null,\"border\":null,\"condition\":null,\"cornerRadius\":null,\"customAttribute\":null,\"externalDataSource\":null,\"extra\":null,\"generateTabItemFromFeed\":null,\"gravity\":[],\"horizontalScroll\":false,\"image\":null,\"imageSlideProperty\":null,\"images\":[],\"indicator\":null,\"interaction\":null,\"isFlexible\":null,\"isNonCarousel\":null,\"isRecyclerView\":null,\"margin\":{\"bottom\":6,\"left\":0,\"right\":0,\"top\":3},\"maxFilteredProductIndexesInTabItem\":null,\"minFilteredProductIndexesInTabItem\":null,\"miniSdpImageTab\":null,\"option\":null,\"optionGroups\":null,\"padding\":null,\"productDetailUris\":[],\"progressBar\":null,\"rank\":null,\"rdsFillTab\":null,\"rdsImageTab\":null,\"rdsTextTab\":null,\"recyclerView\":null,\"size\":{\"height\":-2,\"weight\":0,\"width\":-2},\"starRating\":null,\"text\":{\"adjustLineHeight\":false,\"maxLines\":0,\"overrideSize\":14,\"overrideSystemFont\":null,\"textItems\":[{\"backgroundColor\":null,\"bold\":false,\"color\":{\"alpha\":1,\"value\":\"#212B36\"},\"maxFontScale\":2,\"size\":14,\"strikethrough\":false,\"systemFontSize\":null,\"text\":\"6/7(토) \"},{\"backgroundColor\":null,\"bold\":false,\"color\":{\"alpha\":1,\"value\":\"#212B36\"},\"maxFontScale\":2,\"size\":14,\"strikethrough\":false,\"systemFontSize\":null,\"text\":\"도착 예정\"}]},\"verticalScroll\":null},\"type\":\"LABEL\",\"widgetType\":null},{\"_summary\":null,\"dataParts\":null,\"items\":[{\"_summary\":null,\"dataParts\":\"STAR_RATING\",\"items\":[],\"logging\":null,\"product\":null,\"property\":{\"action\":null,\"align\":[\"CENTER_VERTICAL\"],\"backgroundColor\":null,\"border\":null,\"condition\":null,\"cornerRadius\":null,\"customAttribute\":null,\"externalDataSource\":null,\"extra\":null,\"generateTabItemFromFeed\":null,\"gravity\":[],\"horizontalScroll\":false,\"image\":null,\"imageSlideProperty\":null,\"images\":[],\"indicator\":null,\"interaction\":null,\"isFlexible\":null,\"isNonCarousel\":null,\"isRecyclerView\":null,\"margin\":{\"bottom\":0,\"left\":0,\"right\":4,\"top\":0},\"maxFilteredProductIndexesInTabItem\":null,\"minFilteredProductIndexesInTabItem\":null,\"miniSdpImageTab\":null,\"option\":null,\"optionGroups\":null,\"padding\":null,\"productDetailUris\":[],\"progressBar\":null,\"rank\":null,\"rdsFillTab\":null,\"rdsImageTab\":null,\"rdsTextTab\":null,\"recyclerView\":null,\"size\":{\"height\":-2,\"weight\":0,\"width\":-2},\"starRating\":{\"rating\":4,\"style\":\"SMALL\"},\"text\":null,\"verticalScroll\":null},\"type\":\"STAR_RATING\",\"widgetType\":null},{\"_summary\":null,\"dataParts\":\"STAR_RATING_COUNT\",\"items\":[],\"logging\":null,\"product\":null,\"property\":{\"action\":null,\"align\":[\"CENTER_VERTICAL\"],\"backgroundColor\":{\"alpha\":1,\"value\":\"\"},\"border\":null,\"condition\":null,\"cornerRadius\":null,\"customAttribute\":null,\"externalDataSource\":null,\"extra\":null,\"generateTabItemFromFeed\":null,\"gravity\":[\"CENTER_VERTICAL\"],\"horizontalScroll\":false,\"image\":null,\"imageSlideProperty\":null,\"images\":[],\"indicator\":null,\"interaction\":null,\"isFlexible\":null,\"isNonCarousel\":null,\"isRecyclerView\":null,\"margin\":{\"bottom\":0,\"left\":0,\"right\":0,\"top\":0},\"maxFilteredProductIndexesInTabItem\":null,\"minFilteredProductIndexesInTabItem\":null,\"miniSdpImageTab\":null,\"option\":null,\"optionGroups\":null,\"padding\":null,\"productDetailUris\":[],\"progressBar\":null,\"rank\":null,\"rdsFillTab\":null,\"rdsImageTab\":null,\"rdsTextTab\":null,\"recyclerView\":null,\"size\":{\"height\":-2,\"weight\":0,\"width\":-2},\"starRating\":null,\"text\":{\"adjustLineHeight\":false,\"maxLines\":0,\"overrideSize\":null,\"overrideSystemFont\":null,\"textItems\":[{\"backgroundColor\":null,\"bold\":false,\"color\":{\"alpha\":1,\"value\":\"#768695\"},\"maxFontScale\":2,\"size\":12,\"strikethrough\":false,\"systemFontSize\":null,\"text\":\"(8)\"}]},\"verticalScroll\":null},\"type\":\"LABEL\",\"widgetType\":null}],\"logging\":null,\"product\":null,\"property\":{\"action\":null,\"align\":[\"CENTER_VERTICAL\"],\"backgroundColor\":null,\"border\":null,\"condition\":null,\"cornerRadius\":null,\"customAttribute\":null,\"externalDataSource\":null,\"extra\":null,\"generateTabItemFromFeed\":null,\"gravity\":[],\"horizontalScroll\":false,\"image\":null,\"imageSlideProperty\":null,\"images\":[],\"indicator\":null,\"interaction\":null,\"isFlexible\":null,\"isNonCarousel\":null,\"isRecyclerView\":null,\"margin\":{\"bottom\":8,\"left\":0,\"right\":0,\"top\":0},\"maxFilteredProductIndexesInTabItem\":null,\"minFilteredProductIndexesInTabItem\":null,\"miniSdpImageTab\":null,\"option\":null,\"optionGroups\":null,\"padding\":null,\"productDetailUris\":[],\"progressBar\":null,\"rank\":null,\"rdsFillTab\":null,\"rdsImageTab\":null,\"rdsTextTab\":null,\"recyclerView\":null,\"size\":{\"height\":-2,\"weight\":0,\"width\":-2},\"starRating\":null,\"text\":null,\"verticalScroll\":null},\"type\":\"H_STACK\",\"widgetType\":null},{\"_summary\":null,\"dataParts\":\"ROCKET_CASH_REWARD\",\"items\":[{\"_summary\":null,\"dataParts\":null,\"items\":[],\"logging\":null,\"product\":null,\"property\":{\"action\":null,\"align\":[\"CENTER_VERTICAL\"],\"backgroundColor\":null,\"border\":null,\"condition\":null,\"cornerRadius\":null,\"customAttribute\":null,\"externalDataSource\":null,\"extra\":null,\"generateTabItemFromFeed\":null,\"gravity\":[],\"horizontalScroll\":false,\"image\":{\"duration\":null,\"scaleType\":null,\"size\":{\"height\":-2,\"weight\":0,\"width\":-2},\"ttiKey\":null,\"path\":\"http://image10.coupangcdn.com/image/badges/cashback/aos/xxxhdpi/list_cash_icon.png\"},\"imageSlideProperty\":null,\"images\":[],\"indicator\":null,\"interaction\":null,\"isFlexible\":null,\"isNonCarousel\":null,\"isRecyclerView\":null,\"margin\":{\"bottom\":0,\"left\":0,\"right\":4,\"top\":1},\"maxFilteredProductIndexesInTabItem\":null,\"minFilteredProductIndexesInTabItem\":null,\"miniSdpImageTab\":null,\"option\":null,\"optionGroups\":null,\"padding\":null,\"productDetailUris\":[],\"progressBar\":null,\"rank\":null,\"rdsFillTab\":null,\"rdsImageTab\":null,\"rdsTextTab\":null,\"recyclerView\":null,\"size\":{\"height\":12,\"weight\":0,\"width\":-2},\"starRating\":null,\"text\":null,\"verticalScroll\":null},\"type\":\"IMAGE\",\"widgetType\":null},{\"_summary\":null,\"dataParts\":null,\"items\":[],\"logging\":null,\"product\":null,\"property\":{\"action\":null,\"align\":[\"CENTER_VERTICAL\"],\"backgroundColor\":null,\"border\":null,\"condition\":null,\"cornerRadius\":null,\"customAttribute\":null,\"externalDataSource\":null,\"extra\":null,\"generateTabItemFromFeed\":null,\"gravity\":[],\"horizontalScroll\":false,\"image\":null,\"imageSlideProperty\":null,\"images\":[],\"indicator\":null,\"interaction\":null,\"isFlexible\":null,\"isNonCarousel\":null,\"isRecyclerView\":null,\"margin\":{\"bottom\":1,\"left\":0,\"right\":0,\"top\":0},\"maxFilteredProductIndexesInTabItem\":null,\"minFilteredProductIndexesInTabItem\":null,\"miniSdpImageTab\":null,\"option\":null,\"optionGroups\":null,\"padding\":{\"bottom\":0,\"left\":0,\"right\":0,\"top\":0},\"productDetailUris\":[],\"progressBar\":null,\"rank\":null,\"rdsFillTab\":null,\"rdsImageTab\":null,\"rdsTextTab\":null,\"recyclerView\":null,\"size\":{\"height\":-2,\"weight\":0,\"width\":-2},\"starRating\":null,\"text\":{\"adjustLineHeight\":false,\"maxLines\":0,\"overrideSize\":null,\"overrideSystemFont\":null,\"textItems\":[{\"backgroundColor\":null,\"bold\":true,\"color\":{\"alpha\":1,\"value\":\"#454F5B\"},\"maxFontScale\":2,\"size\":12,\"strikethrough\":false,\"systemFontSize\":null,\"text\":\"최대 205원 적립\"}]},\"verticalScroll\":null},\"type\":\"LABEL\",\"widgetType\":null}],\"logging\":null,\"product\":null,\"property\":{\"action\":null,\"align\":[\"CENTER_VERTICAL\",\"LEFT\"],\"backgroundColor\":{\"alpha\":1,\"value\":\"#F1F4F6\"},\"border\":null,\"condition\":null,\"cornerRadius\":{\"leftBottom\":4,\"leftTop\":4,\"rightBottom\":4,\"rightTop\":4},\"customAttribute\":{\"width\":\"max-content\"},\"externalDataSource\":null,\"extra\":null,\"generateTabItemFromFeed\":null,\"gravity\":[],\"horizontalScroll\":false,\"image\":null,\"imageSlideProperty\":null,\"images\":[],\"indicator\":null,\"interaction\":null,\"isFlexible\":null,\"isNonCarousel\":null,\"isRecyclerView\":null,\"margin\":null,\"maxFilteredProductIndexesInTabItem\":null,\"minFilteredProductIndexesInTabItem\":null,\"miniSdpImageTab\":null,\"option\":null,\"optionGroups\":null,\"padding\":{\"bottom\":2,\"left\":6,\"right\":6,\"top\":2},\"productDetailUris\":[],\"progressBar\":null,\"rank\":null,\"rdsFillTab\":null,\"rdsImageTab\":null,\"rdsTextTab\":null,\"recyclerView\":null,\"size\":{\"height\":20,\"weight\":0,\"width\":-2},\"starRating\":null,\"text\":null,\"verticalScroll\":null},\"type\":\"H_STACK\",\"widgetType\":null}],\"logging\":{\"adLog\":{\"clickLogUri\":\"https://mercury.coupang.com/e.gif?r=78fd0f00-407f-11f0-a00c-b966c46726b0%7E3\u0026korePlacement=16\u0026koreSubPlacement=3\u0026templateId=3886\",\"eventId\":\"78fd0f00-407f-11f0-a00c-b966c46726b0\",\"impressionLogUri\":\"https://mercury.coupang.com/e.gif?r=78fd0f00-407f-11f0-a00c-b966c46726b0%7E1\u0026korePlacement=16\u0026koreSubPlacement=3\u0026templateId=3886\",\"skipViewImpression\":\"\",\"viewImpression\":\"https://mercury.coupang.com/e.gif?r=78fd0f00-407f-11f0-a00c-b966c46726b0%7E2\u0026korePlacement=16\u0026templateId=3886\"},\"bypass\":{\"clickReferrer\":\"\",\"clickSchemas\":[{\"extra\":{},\"id\":\"2959\",\"mandatory\":{\"logType\":\"click\",\"eventId\":\"78fd0f00-407f-11f0-a00c-b966c46726b0\",\"rawBeacon\":\"https://mercury.coupang.com/e.gif?r=78fd0f00-407f-11f0-a00c-b966c46726b0%7E3\u0026korePlacement=16\u0026koreSubPlacement=3\u0026templateId=3886\",\"productId\":\"8262789869\",\"vendorItemId\":\"90828995387\",\"query\":\"일본과자\",\"channel\":\"recent\",\"pageName\":\"srp\",\"itemId\":\"23805125292\",\"dcoTemplateId\":\"3886\",\"searchId\":\"afc562b78792054\",\"sourceType\":\"srp_feed_carousel_ads\",\"feedId\":\"db90a0b6e7264b7083b2c91805b2a97b\",\"domain\":\"srp\",\"eventName\":\"srp_bottom_carousel_click\",\"rank\":3,\"logCategory\":\"event\",\"contentType\":\"SRP\"},\"version\":\"3\"}],\"clicks\":[],\"exposure\":null,\"exposureSchema\":null,\"load\":null,\"loadSchema\":null},\"contribution\":null,\"sourceType\":\"srp_feed_carousel_ads\"},\"product\":true,\"property\":{\"action\":{\"data\":\"https://www.coupang.com/vp/products/8262789869?itemId=23805125292\u0026vendorItemId=90828995387\u0026sourceType=srp_feed_carousel_ads\u0026clickEventId=78fd0f00-407f-11f0-a00c-b966c46726b0\u0026korePlacement=16\u0026koreSubPlacement=3\u0026templateId=3886\",\"isSendProductLJClickLogging\":null,\"isSendProductUEClickLogging\":null,\"logging\":null,\"moreLink\":{},\"type\":\"MOVE_PAGE\"},\"align\":[],\"backgroundColor\":null,\"border\":null,\"condition\":null,\"cornerRadius\":null,\"customAttribute\":null,\"externalDataSource\":null,\"extra\":null,\"generateTabItemFromFeed\":null,\"gravity\":[],\"horizontalScroll\":false,\"image\":null,\"imageSlideProperty\":null,\"images\":[],\"indicator\":null,\"interaction\":null,\"isFlexible\":null,\"isNonCarousel\":null,\"isRecyclerView\":null,\"margin\":{\"bottom\":10,\"left\":10,\"right\":0,\"top\":10},\"maxFilteredProductIndexesInTabItem\":null,\"minFilteredProductIndexesInTabItem\":null,\"miniSdpImageTab\":null,\"option\":null,\"optionGroups\":null,\"padding\":{\"bottom\":5,\"left\":5,\"right\":0,\"top\":5},\"productDetailUris\":[],\"progressBar\":null,\"rank\":null,\"rdsFillTab\":null,\"rdsImageTab\":null,\"rdsTextTab\":null,\"recyclerView\":null,\"size\":{\"height\":-2,\"weight\":0,\"width\":-2},\"starRating\":null,\"text\":null,\"verticalScroll\":null},\"type\":\"V_STACK\",\"widgetType\":null}],\"logging\":null,\"product\":null,\"property\":{\"action\":null,\"align\":[],\"backgroundColor\":null,\"border\":null,\"condition\":null,\"cornerRadius\":null,\"customAttribute\":null,\"externalDataSource\":null,\"extra\":null,\"generateTabItemFromFeed\":null,\"gravity\":[],\"horizontalScroll\":false,\"image\":null,\"imageSlideProperty\":null,\"images\":[],\"indicator\":null,\"interaction\":null,\"isFlexible\":null,\"isNonCarousel\":null,\"isRecyclerView\":null,\"margin\":{\"bottom\":0,\"left\":0,\"right\":10,\"top\":0},\"maxFilteredProductIndexesInTabItem\":null,\"minFilteredProductIndexesInTabItem\":null,\"miniSdpImageTab\":null,\"option\":null,\"optionGroups\":null,\"padding\":{\"bottom\":16,\"left\":0,\"right\":0,\"top\":0},\"productDetailUris\":[],\"progressBar\":null,\"rank\":null,\"rdsFillTab\":null,\"rdsImageTab\":null,\"rdsTextTab\":null,\"recyclerView\":null,\"size\":{\"height\":-2,\"weight\":0,\"width\":178},\"starRating\":null,\"text\":null,\"verticalScroll\":null},\"type\":\"H_STACK\",\"widgetType\":null},{\"_summary\":null,\"dataParts\":null,\"items\":[{\"_summary\":null,\"dataParts\":null,\"items\":[{\"_summary\":null,\"dataParts\":null,\"items\":[{\"_summary\":null,\"dataParts\":\"MAIN_IMAGE\",\"items\":[],\"logging\":null,\"product\":null,\"property\":{\"action\":null,\"align\":[],\"backgroundColor\":null,\"border\":null,\"condition\":null,\"cornerRadius\":null,\"customAttribute\":null,\"externalDataSource\":null,\"extra\":null,\"generateTabItemFromFeed\":null,\"gravity\":[],\"horizontalScroll\":false,\"image\":{\"duration\":null,\"scaleType\":null,\"size\":{\"height\":158,\"weight\":0,\"width\":158},\"ttiKey\":null,\"path\":\"https://thumbnail5.coupangcdn.com/thumbnails/remote/292x292q65ex/image/vendor_inventory/feac/f648885c4b9787b6e47ecc6a26a3468045c86f5948fddf4ab023c7bf9782.jpg\"},\"imageSlideProperty\":null,\"images\":[],\"indicator\":null,\"interaction\":null,\"isFlexible\":null,\"isNonCarousel\":null,\"isRecyclerView\":null,\"margin\":{\"bottom\":4,\"left\":0,\"right\":0,\"top\":0},\"maxFilteredProductIndexesInTabItem\":null,\"minFilteredProductIndexesInTabItem\":null,\"miniSdpImageTab\":null,\"option\":null,\"optionGroups\":null,\"padding\":null,\"productDetailUris\":[],\"progressBar\":null,\"rank\":null,\"rdsFillTab\":null,\"rdsImageTab\":null,\"rdsTextTab\":null,\"recyclerView\":null,\"size\":{\"height\":158,\"weight\":0,\"width\":158},\"starRating\":null,\"text\":null,\"verticalScroll\":null},\"type\":\"IMAGE\",\"widgetType\":null}],\"logging\":null,\"product\":null,\"property\":{\"action\":null,\"align\":[],\"backgroundColor\":null,\"border\":null,\"condition\":null,\"cornerRadius\":null,\"customAttribute\":null,\"externalDataSource\":null,\"extra\":null,\"generateTabItemFromFeed\":null,\"gravity\":[],\"horizontalScroll\":false,\"image\":null,\"imageSlideProperty\":null,\"images\":[],\"indicator\":null,\"interaction\":null,\"isFlexible\":null,\"isNonCarousel\":null,\"isRecyclerView\":null,\"margin\":{\"bottom\":4,\"left\":0,\"right\":0,\"top\":0},\"maxFilteredProductIndexesInTabItem\":null,\"minFilteredProductIndexesInTabItem\":null,\"miniSdpImageTab\":null,\"option\":null,\"optionGroups\":null,\"padding\":null,\"productDetailUris\":[],\"progressBar\":null,\"rank\":null,\"rdsFillTab\":null,\"rdsImageTab\":null,\"rdsTextTab\":null,\"recyclerView\":null,\"size\":{\"height\":186,\"weight\":0,\"width\":-2},\"starRating\":null,\"text\":null,\"verticalScroll\":null},\"type\":\"V_STACK\",\"widgetType\":null},{\"_summary\":null,\"dataParts\":\"PRODUCT_TITLE\",\"items\":[],\"logging\":null,\"product\":null,\"property\":{\"action\":null,\"align\":[],\"backgroundColor\":null,\"border\":null,\"condition\":null,\"cornerRadius\":null,\"customAttribute\":null,\"externalDataSource\":null,\"extra\":null,\"generateTabItemFromFeed\":null,\"gravity\":[],\"horizontalScroll\":false,\"image\":null,\"imageSlideProperty\":null,\"images\":[],\"indicator\":null,\"interaction\":null,\"isFlexible\":null,\"isNonCarousel\":null,\"isRecyclerView\":null,\"margin\":{\"bottom\":6,\"left\":0,\"right\":0,\"top\":0},\"maxFilteredProductIndexesInTabItem\":null,\"minFilteredProductIndexesInTabItem\":null,\"miniSdpImageTab\":null,\"option\":null,\"optionGroups\":null,\"padding\":null,\"productDetailUris\":[],\"progressBar\":null,\"rank\":null,\"rdsFillTab\":null,\"rdsImageTab\":null,\"rdsTextTab\":null,\"recyclerView\":null,\"size\":{\"height\":-2,\"weight\":0,\"width\":-1},\"starRating\":null,\"text\":{\"adjustLineHeight\":false,\"maxLines\":3,\"overrideSize\":null,\"overrideSystemFont\":null,\"textItems\":[{\"backgroundColor\":null,\"bold\":false,\"color\":{\"alpha\":1,\"value\":\"#212B36\"},\"maxFontScale\":2,\"size\":14,\"strikethrough\":false,\"systemFontSize\":null,\"text\":\"후지야 컨트리맘 마이스터즈 뉴욕치즈케이크 56.7g, 2개\"}]},\"verticalScroll\":null},\"type\":\"LABEL\",\"widgetType\":null},{\"_summary\":null,\"dataParts\":null,\"items\":[{\"_summary\":null,\"dataParts\":\"PRICE\",\"items\":[],\"logging\":null,\"product\":null,\"property\":{\"action\":null,\"align\":[\"CENTER_VERTICAL\"],\"backgroundColor\":null,\"border\":null,\"condition\":null,\"cornerRadius\":null,\"customAttribute\":null,\"externalDataSource\":null,\"extra\":null,\"generateTabItemFromFeed\":null,\"gravity\":[],\"horizontalScroll\":false,\"image\":null,\"imageSlideProperty\":null,\"images\":[],\"indicator\":null,\"interaction\":null,\"isFlexible\":null,\"isNonCarousel\":null,\"isRecyclerView\":null,\"margin\":{\"bottom\":0,\"left\":0,\"right\":4,\"top\":0},\"maxFilteredProductIndexesInTabItem\":null,\"minFilteredProductIndexesInTabItem\":null,\"miniSdpImageTab\":null,\"option\":null,\"optionGroups\":null,\"padding\":null,\"productDetailUris\":[],\"progressBar\":null,\"rank\":null,\"rdsFillTab\":null,\"rdsImageTab\":null,\"rdsTextTab\":null,\"recyclerView\":null,\"size\":{\"height\":-2,\"weight\":0,\"width\":-2},\"starRating\":null,\"text\":{\"adjustLineHeight\":false,\"maxLines\":0,\"overrideSize\":null,\"overrideSystemFont\":null,\"textItems\":[{\"backgroundColor\":null,\"bold\":true,\"color\":{\"alpha\":1,\"value\":\"#CB1400\"},\"maxFontScale\":2,\"size\":16,\"strikethrough\":false,\"systemFontSize\":null,\"text\":\"7,300원\"}]},\"verticalScroll\":null},\"type\":\"LABEL\",\"widgetType\":null}],\"logging\":null,\"product\":null,\"property\":{\"action\":null,\"align\":[\"CENTER_VERTICAL\"],\"backgroundColor\":null,\"border\":null,\"condition\":null,\"cornerRadius\":null,\"customAttribute\":null,\"externalDataSource\":null,\"extra\":null,\"generateTabItemFromFeed\":null,\"gravity\":[],\"horizontalScroll\":false,\"image\":null,\"imageSlideProperty\":null,\"images\":[],\"indicator\":null,\"interaction\":null,\"isFlexible\":null,\"isNonCarousel\":null,\"isRecyclerView\":null,\"margin\":{\"bottom\":2,\"left\":0,\"right\":0,\"top\":0},\"maxFilteredProductIndexesInTabItem\":null,\"minFilteredProductIndexesInTabItem\":null,\"miniSdpImageTab\":null,\"option\":null,\"optionGroups\":null,\"padding\":null,\"productDetailUris\":[],\"progressBar\":null,\"rank\":null,\"rdsFillTab\":null,\"rdsImageTab\":null,\"rdsTextTab\":null,\"recyclerView\":null,\"size\":{\"height\":-2,\"weight\":0,\"width\":-2},\"starRating\":null,\"text\":null,\"verticalScroll\":null},\"type\":\"H_STACK\",\"widgetType\":null},{\"_summary\":null,\"dataParts\":\"UNIT_PRICE\",\"items\":[],\"logging\":null,\"product\":null,\"property\":{\"action\":null,\"align\":[],\"backgroundColor\":null,\"border\":null,\"condition\":null,\"cornerRadius\":null,\"customAttribute\":null,\"externalDataSource\":null,\"extra\":null,\"generateTabItemFromFeed\":null,\"gravity\":[],\"horizontalScroll\":false,\"image\":null,\"imageSlideProperty\":null,\"images\":[],\"indicator\":null,\"interaction\":null,\"isFlexible\":null,\"isNonCarousel\":null,\"isRecyclerView\":null,\"margin\":{\"bottom\":3,\"left\":0,\"right\":0,\"top\":0},\"maxFilteredProductIndexesInTabItem\":null,\"minFilteredProductIndexesInTabItem\":null,\"miniSdpImageTab\":null,\"option\":null,\"optionGroups\":null,\"padding\":null,\"productDetailUris\":[],\"progressBar\":null,\"rank\":null,\"rdsFillTab\":null,\"rdsImageTab\":null,\"rdsTextTab\":null,\"recyclerView\":null,\"size\":{\"height\":-2,\"weight\":0,\"width\":-2},\"starRating\":null,\"text\":{\"adjustLineHeight\":false,\"maxLines\":0,\"overrideSize\":null,\"overrideSystemFont\":null,\"textItems\":[{\"backgroundColor\":null,\"bold\":false,\"color\":{\"alpha\":1,\"value\":\"#CB1400\"},\"maxFontScale\":2,\"size\":11,\"strikethrough\":false,\"systemFontSize\":null,\"text\":\"(10g당 644원)\"}]},\"verticalScroll\":null},\"type\":\"LABEL\",\"widgetType\":null},{\"_summary\":null,\"dataParts\":null,\"items\":[],\"logging\":null,\"product\":null,\"property\":{\"action\":null,\"align\":[],\"backgroundColor\":null,\"border\":null,\"condition\":null,\"cornerRadius\":null,\"customAttribute\":null,\"externalDataSource\":null,\"extra\":null,\"generateTabItemFromFeed\":null,\"gravity\":[],\"horizontalScroll\":false,\"image\":null,\"imageSlideProperty\":null,\"images\":[],\"indicator\":null,\"interaction\":null,\"isFlexible\":null,\"isNonCarousel\":null,\"isRecyclerView\":null,\"margin\":null,\"maxFilteredProductIndexesInTabItem\":null,\"minFilteredProductIndexesInTabItem\":null,\"miniSdpImageTab\":null,\"option\":null,\"optionGroups\":null,\"padding\":null,\"productDetailUris\":[],\"progressBar\":null,\"rank\":null,\"rdsFillTab\":null,\"rdsImageTab\":null,\"rdsTextTab\":null,\"recyclerView\":null,\"size\":{\"height\":-2,\"weight\":0,\"width\":-2},\"starRating\":null,\"text\":null,\"verticalScroll\":null},\"type\":\"V_STACK\",\"widgetType\":null},{\"_summary\":null,\"dataParts\":\"PROMISED_DELIVERY_DATE\",\"items\":[],\"logging\":null,\"product\":null,\"property\":{\"action\":null,\"align\":[],\"backgroundColor\":null,\"border\":null,\"condition\":null,\"cornerRadius\":null,\"customAttribute\":null,\"externalDataSource\":null,\"extra\":null,\"generateTabItemFromFeed\":null,\"gravity\":[],\"horizontalScroll\":false,\"image\":null,\"imageSlideProperty\":null,\"images\":[],\"indicator\":null,\"interaction\":null,\"isFlexible\":null,\"isNonCarousel\":null,\"isRecyclerView\":null,\"margin\":{\"bottom\":6,\"left\":0,\"right\":0,\"top\":3},\"maxFilteredProductIndexesInTabItem\":null,\"minFilteredProductIndexesInTabItem\":null,\"miniSdpImageTab\":null,\"option\":null,\"optionGroups\":null,\"padding\":null,\"productDetailUris\":[],\"progressBar\":null,\"rank\":null,\"rdsFillTab\":null,\"rdsImageTab\":null,\"rdsTextTab\":null,\"recyclerView\":null,\"size\":{\"height\":-2,\"weight\":0,\"width\":-2},\"starRating\":null,\"text\":{\"adjustLineHeight\":false,\"maxLines\":0,\"overrideSize\":14,\"overrideSystemFont\":null,\"textItems\":[{\"backgroundColor\":null,\"bold\":false,\"color\":{\"alpha\":1,\"value\":\"#212B36\"},\"maxFontScale\":2,\"size\":14,\"strikethrough\":false,\"systemFontSize\":null,\"text\":\"6/7(토) \"},{\"backgroundColor\":null,\"bold\":false,\"color\":{\"alpha\":1,\"value\":\"#212B36\"},\"maxFontScale\":2,\"size\":14,\"strikethrough\":false,\"systemFontSize\":null,\"text\":\"도착 예정\"}]},\"verticalScroll\":null},\"type\":\"LABEL\",\"widgetType\":null},{\"_summary\":null,\"dataParts\":null,\"items\":[{\"_summary\":null,\"dataParts\":\"STAR_RATING\",\"items\":[],\"logging\":null,\"product\":null,\"property\":{\"action\":null,\"align\":[\"CENTER_VERTICAL\"],\"backgroundColor\":null,\"border\":null,\"condition\":null,\"cornerRadius\":null,\"customAttribute\":null,\"externalDataSource\":null,\"extra\":null,\"generateTabItemFromFeed\":null,\"gravity\":[],\"horizontalScroll\":false,\"image\":null,\"imageSlideProperty\":null,\"images\":[],\"indicator\":null,\"interaction\":null,\"isFlexible\":null,\"isNonCarousel\":null,\"isRecyclerView\":null,\"margin\":{\"bottom\":0,\"left\":0,\"right\":4,\"top\":0},\"maxFilteredProductIndexesInTabItem\":null,\"minFilteredProductIndexesInTabItem\":null,\"miniSdpImageTab\":null,\"option\":null,\"optionGroups\":null,\"padding\":null,\"productDetailUris\":[],\"progressBar\":null,\"rank\":null,\"rdsFillTab\":null,\"rdsImageTab\":null,\"rdsTextTab\":null,\"recyclerView\":null,\"size\":{\"height\":-2,\"weight\":0,\"width\":-2},\"starRating\":{\"rating\":4.5,\"style\":\"SMALL\"},\"text\":null,\"verticalScroll\":null},\"type\":\"STAR_RATING\",\"widgetType\":null},{\"_summary\":null,\"dataParts\":\"STAR_RATING_COUNT\",\"items\":[],\"logging\":null,\"product\":null,\"property\":{\"action\":null,\"align\":[\"CENTER_VERTICAL\"],\"backgroundColor\":{\"alpha\":1,\"value\":\"\"},\"border\":null,\"condition\":null,\"cornerRadius\":null,\"customAttribute\":null,\"externalDataSource\":null,\"extra\":null,\"generateTabItemFromFeed\":null,\"gravity\":[\"CENTER_VERTICAL\"],\"horizontalScroll\":false,\"image\":null,\"imageSlideProperty\":null,\"images\":[],\"indicator\":null,\"interaction\":null,\"isFlexible\":null,\"isNonCarousel\":null,\"isRecyclerView\":null,\"margin\":{\"bottom\":0,\"left\":0,\"right\":0,\"top\":0},\"maxFilteredProductIndexesInTabItem\":null,\"minFilteredProductIndexesInTabItem\":null,\"miniSdpImageTab\":null,\"option\":null,\"optionGroups\":null,\"padding\":null,\"productDetailUris\":[],\"progressBar\":null,\"rank\":null,\"rdsFillTab\":null,\"rdsImageTab\":null,\"rdsTextTab\":null,\"recyclerView\":null,\"size\":{\"height\":-2,\"weight\":0,\"width\":-2},\"starRating\":null,\"text\":{\"adjustLineHeight\":false,\"maxLines\":0,\"overrideSize\":null,\"overrideSystemFont\":null,\"textItems\":[{\"backgroundColor\":null,\"bold\":false,\"color\":{\"alpha\":1,\"value\":\"#768695\"},\"maxFontScale\":2,\"size\":12,\"strikethrough\":false,\"systemFontSize\":null,\"text\":\"(42)\"}]},\"verticalScroll\":null},\"type\":\"LABEL\",\"widgetType\":null}],\"logging\":null,\"product\":null,\"property\":{\"action\":null,\"align\":[\"CENTER_VERTICAL\"],\"backgroundColor\":null,\"border\":null,\"condition\":null,\"cornerRadius\":null,\"customAttribute\":null,\"externalDataSource\":null,\"extra\":null,\"generateTabItemFromFeed\":null,\"gravity\":[],\"horizontalScroll\":false,\"image\":null,\"imageSlideProperty\":null,\"images\":[],\"indicator\":null,\"interaction\":null,\"isFlexible\":null,\"isNonCarousel\":null,\"isRecyclerView\":null,\"margin\":{\"bottom\":8,\"left\":0,\"right\":0,\"top\":0},\"maxFilteredProductIndexesInTabItem\":null,\"minFilteredProductIndexesInTabItem\":null,\"miniSdpImageTab\":null,\"option\":null,\"optionGroups\":null,\"padding\":null,\"productDetailUris\":[],\"progressBar\":null,\"rank\":null,\"rdsFillTab\":null,\"rdsImageTab\":null,\"rdsTextTab\":null,\"recyclerView\":null,\"size\":{\"height\":-2,\"weight\":0,\"width\":-2},\"starRating\":null,\"text\":null,\"verticalScroll\":null},\"type\":\"H_STACK\",\"widgetType\":null},{\"_summary\":null,\"dataParts\":\"ROCKET_CASH_REWARD\",\"items\":[{\"_summary\":null,\"dataParts\":null,\"items\":[],\"logging\":null,\"product\":null,\"property\":{\"action\":null,\"align\":[\"CENTER_VERTICAL\"],\"backgroundColor\":null,\"border\":null,\"condition\":null,\"cornerRadius\":null,\"customAttribute\":null,\"externalDataSource\":null,\"extra\":null,\"generateTabItemFromFeed\":null,\"gravity\":[],\"horizontalScroll\":false,\"image\":{\"duration\":null,\"scaleType\":null,\"size\":{\"height\":-2,\"weight\":0,\"width\":-2},\"ttiKey\":null,\"path\":\"http://image3.coupangcdn.com/image/badges/cashback/aos/xxxhdpi/list_cash_icon.png\"},\"imageSlideProperty\":null,\"images\":[],\"indicator\":null,\"interaction\":null,\"isFlexible\":null,\"isNonCarousel\":null,\"isRecyclerView\":null,\"margin\":{\"bottom\":0,\"left\":0,\"right\":4,\"top\":1},\"maxFilteredProductIndexesInTabItem\":null,\"minFilteredProductIndexesInTabItem\":null,\"miniSdpImageTab\":null,\"option\":null,\"optionGroups\":null,\"padding\":null,\"productDetailUris\":[],\"progressBar\":null,\"rank\":null,\"rdsFillTab\":null,\"rdsImageTab\":null,\"rdsTextTab\":null,\"recyclerView\":null,\"size\":{\"height\":12,\"weight\":0,\"width\":-2},\"starRating\":null,\"text\":null,\"verticalScroll\":null},\"type\":\"IMAGE\",\"widgetType\":null},{\"_summary\":null,\"dataParts\":null,\"items\":[],\"logging\":null,\"product\":null,\"property\":{\"action\":null,\"align\":[\"CENTER_VERTICAL\"],\"backgroundColor\":null,\"border\":null,\"condition\":null,\"cornerRadius\":null,\"customAttribute\":null,\"externalDataSource\":null,\"extra\":null,\"generateTabItemFromFeed\":null,\"gravity\":[],\"horizontalScroll\":false,\"image\":null,\"imageSlideProperty\":null,\"images\":[],\"indicator\":null,\"interaction\":null,\"isFlexible\":null,\"isNonCarousel\":null,\"isRecyclerView\":null,\"margin\":{\"bottom\":1,\"left\":0,\"right\":0,\"top\":0},\"maxFilteredProductIndexesInTabItem\":null,\"minFilteredProductIndexesInTabItem\":null,\"miniSdpImageTab\":null,\"option\":null,\"optionGroups\":null,\"padding\":{\"bottom\":0,\"left\":0,\"right\":0,\"top\":0},\"productDetailUris\":[],\"progressBar\":null,\"rank\":null,\"rdsFillTab\":null,\"rdsImageTab\":null,\"rdsTextTab\":null,\"recyclerView\":null,\"size\":{\"height\":-2,\"weight\":0,\"width\":-2},\"starRating\":null,\"text\":{\"adjustLineHeight\":false,\"maxLines\":0,\"overrideSize\":null,\"overrideSystemFont\":null,\"textItems\":[{\"backgroundColor\":null,\"bold\":true,\"color\":{\"alpha\":1,\"value\":\"#454F5B\"},\"maxFontScale\":2,\"size\":12,\"strikethrough\":false,\"systemFontSize\":null,\"text\":\"최대 354원 적립\"}]},\"verticalScroll\":null},\"type\":\"LABEL\",\"widgetType\":null}],\"logging\":null,\"product\":null,\"property\":{\"action\":null,\"align\":[\"CENTER_VERTICAL\",\"LEFT\"],\"backgroundColor\":{\"alpha\":1,\"value\":\"#F1F4F6\"},\"border\":null,\"condition\":null,\"cornerRadius\":{\"leftBottom\":4,\"leftTop\":4,\"rightBottom\":4,\"rightTop\":4},\"customAttribute\":{\"width\":\"max-content\"},\"externalDataSource\":null,\"extra\":null,\"generateTabItemFromFeed\":null,\"gravity\":[],\"horizontalScroll\":false,\"image\":null,\"imageSlideProperty\":null,\"images\":[],\"indicator\":null,\"interaction\":null,\"isFlexible\":null,\"isNonCarousel\":null,\"isRecyclerView\":null,\"margin\":null,\"maxFilteredProductIndexesInTabItem\":null,\"minFilteredProductIndexesInTabItem\":null,\"miniSdpImageTab\":null,\"option\":null,\"optionGroups\":null,\"padding\":{\"bottom\":2,\"left\":6,\"right\":6,\"top\":2},\"productDetailUris\":[],\"progressBar\":null,\"rank\":null,\"rdsFillTab\":null,\"rdsImageTab\":null,\"rdsTextTab\":null,\"recyclerView\":null,\"size\":{\"height\":20,\"weight\":0,\"width\":-2},\"starRating\":null,\"text\":null,\"verticalScroll\":null},\"type\":\"H_STACK\",\"widgetType\":null}],\"logging\":{\"adLog\":{\"clickLogUri\":\"https://mercury.coupang.com/e.gif?r=78fd0f00-407f-11f0-a561-9a9178699476%7E3\u0026korePlacement=16\u0026koreSubPlacement=4\u0026templateId=3886\",\"eventId\":\"78fd0f00-407f-11f0-a561-9a9178699476\",\"impressionLogUri\":\"https://mercury.coupang.com/e.gif?r=78fd0f00-407f-11f0-a561-9a9178699476%7E1\u0026korePlacement=16\u0026koreSubPlacement=4\u0026templateId=3886\",\"skipViewImpression\":\"\",\"viewImpression\":\"https://mercury.coupang.com/e.gif?r=78fd0f00-407f-11f0-a561-9a9178699476%7E2\u0026korePlacement=16\u0026templateId=3886\"},\"bypass\":{\"clickReferrer\":\"\",\"clickSchemas\":[{\"extra\":{},\"id\":\"2959\",\"mandatory\":{\"logType\":\"click\",\"eventId\":\"78fd0f00-407f-11f0-a561-9a9178699476\",\"rawBeacon\":\"https://mercury.coupang.com/e.gif?r=78fd0f00-407f-11f0-a561-9a9178699476%7E3\u0026korePlacement=16\u0026koreSubPlacement=4\u0026templateId=3886\",\"productId\":\"7068524851\",\"vendorItemId\":\"83543682953\",\"query\":\"일본과자\",\"channel\":\"recent\",\"pageName\":\"srp\",\"itemId\":\"16351957484\",\"dcoTemplateId\":\"3886\",\"searchId\":\"afc562b78792054\",\"sourceType\":\"srp_feed_carousel_ads\",\"feedId\":\"db90a0b6e7264b7083b2c91805b2a97b\",\"domain\":\"srp\",\"eventName\":\"srp_bottom_carousel_click\",\"rank\":4,\"logCategory\":\"event\",\"contentType\":\"SRP\"},\"version\":\"3\"}],\"clicks\":[],\"exposure\":null,\"exposureSchema\":null,\"load\":null,\"loadSchema\":null},\"contribution\":null,\"sourceType\":\"srp_feed_carousel_ads\"},\"product\":true,\"property\":{\"action\":{\"data\":\"https://www.coupang.com/vp/products/7068524851?itemId=16351957484\u0026vendorItemId=83543682953\u0026sourceType=srp_feed_carousel_ads\u0026clickEventId=78fd0f00-407f-11f0-a561-9a9178699476\u0026korePlacement=16\u0026koreSubPlacement=4\u0026templateId=3886\",\"isSendProductLJClickLogging\":null,\"isSendProductUEClickLogging\":null,\"logging\":null,\"moreLink\":{},\"type\":\"MOVE_PAGE\"},\"align\":[],\"backgroundColor\":null,\"border\":null,\"condition\":null,\"cornerRadius\":null,\"customAttribute\":null,\"externalDataSource\":null,\"extra\":null,\"generateTabItemFromFeed\":null,\"gravity\":[],\"horizontalScroll\":false,\"image\":null,\"imageSlideProperty\":null,\"images\":[],\"indicator\":null,\"interaction\":null,\"isFlexible\":null,\"isNonCarousel\":null,\"isRecyclerView\":null,\"margin\":{\"bottom\":10,\"left\":10,\"right\":0,\"top\":10},\"maxFilteredProductIndexesInTabItem\":null,\"minFilteredProductIndexesInTabItem\":null,\"miniSdpImageTab\":null,\"option\":null,\"optionGroups\":null,\"padding\":{\"bottom\":5,\"left\":5,\"right\":0,\"top\":5},\"productDetailUris\":[],\"progressBar\":null,\"rank\":null,\"rdsFillTab\":null,\"rdsImageTab\":null,\"rdsTextTab\":null,\"recyclerView\":null,\"size\":{\"height\":-2,\"weight\":0,\"width\":-2},\"starRating\":null,\"text\":null,\"verticalScroll\":null},\"type\":\"V_STACK\",\"widgetType\":null}],\"logging\":null,\"product\":null,\"property\":{\"action\":null,\"align\":[],\"backgroundColor\":null,\"border\":null,\"condition\":null,\"cornerRadius\":null,\"customAttribute\":null,\"externalDataSource\":null,\"extra\":null,\"generateTabItemFromFeed\":null,\"gravity\":[],\"horizontalScroll\":false,\"image\":null,\"imageSlideProperty\":null,\"images\":[],\"indicator\":null,\"interaction\":null,\"isFlexible\":null,\"isNonCarousel\":null,\"isRecyclerView\":null,\"margin\":{\"bottom\":0,\"left\":0,\"right\":10,\"top\":0},\"maxFilteredProductIndexesInTabItem\":null,\"minFilteredProductIndexesInTabItem\":null,\"miniSdpImageTab\":null,\"option\":null,\"optionGroups\":null,\"padding\":{\"bottom\":16,\"left\":0,\"right\":0,\"top\":0},\"productDetailUris\":[],\"progressBar\":null,\"rank\":null,\"rdsFillTab\":null,\"rdsImageTab\":null,\"rdsTextTab\":null,\"recyclerView\":null,\"size\":{\"height\":-2,\"weight\":0,\"width\":178},\"starRating\":null,\"text\":null,\"verticalScroll\":null},\"type\":\"H_STACK\",\"widgetType\":null},{\"_summary\":null,\"dataParts\":null,\"items\":[{\"_summary\":null,\"dataParts\":null,\"items\":[{\"_summary\":null,\"dataParts\":null,\"items\":[{\"_summary\":null,\"dataParts\":\"MAIN_IMAGE\",\"items\":[],\"logging\":null,\"product\":null,\"property\":{\"action\":null,\"align\":[],\"backgroundColor\":null,\"border\":null,\"condition\":null,\"cornerRadius\":null,\"customAttribute\":null,\"externalDataSource\":null,\"extra\":null,\"generateTabItemFromFeed\":null,\"gravity\":[],\"horizontalScroll\":false,\"image\":{\"duration\":null,\"scaleType\":null,\"size\":{\"height\":158,\"weight\":0,\"width\":158},\"ttiKey\":null,\"path\":\"https://thumbnail2.coupangcdn.com/thumbnails/remote/292x292q65ex/image/vendor_inventory/8050/8025e774b5c0c321d12bdcdbb26c654c51f81fbf71a81dadce5c1029a9e7.jpg\"},\"imageSlideProperty\":null,\"images\":[],\"indicator\":null,\"interaction\":null,\"isFlexible\":null,\"isNonCarousel\":null,\"isRecyclerView\":null,\"margin\":{\"bottom\":4,\"left\":0,\"right\":0,\"top\":0},\"maxFilteredProductIndexesInTabItem\":null,\"minFilteredProductIndexesInTabItem\":null,\"miniSdpImageTab\":null,\"option\":null,\"optionGroups\":null,\"padding\":null,\"productDetailUris\":[],\"progressBar\":null,\"rank\":null,\"rdsFillTab\":null,\"rdsImageTab\":null,\"rdsTextTab\":null,\"recyclerView\":null,\"size\":{\"height\":158,\"weight\":0,\"width\":158},\"starRating\":null,\"text\":null,\"verticalScroll\":null},\"type\":\"IMAGE\",\"widgetType\":null}],\"logging\":null,\"product\":null,\"property\":{\"action\":null,\"align\":[],\"backgroundColor\":null,\"border\":null,\"condition\":null,\"cornerRadius\":null,\"customAttribute\":null,\"externalDataSource\":null,\"extra\":null,\"generateTabItemFromFeed\":null,\"gravity\":[],\"horizontalScroll\":false,\"image\":null,\"imageSlideProperty\":null,\"images\":[],\"indicator\":null,\"interaction\":null,\"isFlexible\":null,\"isNonCarousel\":null,\"isRecyclerView\":null,\"margin\":{\"bottom\":4,\"left\":0,\"right\":0,\"top\":0},\"maxFilteredProductIndexesInTabItem\":null,\"minFilteredProductIndexesInTabItem\":null,\"miniSdpImageTab\":null,\"option\":null,\"optionGroups\":null,\"padding\":null,\"productDetailUris\":[],\"progressBar\":null,\"rank\":null,\"rdsFillTab\":null,\"rdsImageTab\":null,\"rdsTextTab\":null,\"recyclerView\":null,\"size\":{\"height\":186,\"weight\":0,\"width\":-2},\"starRating\":null,\"text\":null,\"verticalScroll\":null},\"type\":\"V_STACK\",\"widgetType\":null},{\"_summary\":null,\"dataParts\":\"PRODUCT_TITLE\",\"items\":[],\"logging\":null,\"product\":null,\"property\":{\"action\":null,\"align\":[],\"backgroundColor\":null,\"border\":null,\"condition\":null,\"cornerRadius\":null,\"customAttribute\":null,\"externalDataSource\":null,\"extra\":null,\"generateTabItemFromFeed\":null,\"gravity\":[],\"horizontalScroll\":false,\"image\":null,\"imageSlideProperty\":null,\"images\":[],\"indicator\":null,\"interaction\":null,\"isFlexible\":null,\"isNonCarousel\":null,\"isRecyclerView\":null,\"margin\":{\"bottom\":6,\"left\":0,\"right\":0,\"top\":0},\"maxFilteredProductIndexesInTabItem\":null,\"minFilteredProductIndexesInTabItem\":null,\"miniSdpImageTab\":null,\"option\":null,\"optionGroups\":null,\"padding\":null,\"productDetailUris\":[],\"progressBar\":null,\"rank\":null,\"rdsFillTab\":null,\"rdsImageTab\":null,\"rdsTextTab\":null,\"recyclerView\":null,\"size\":{\"height\":-2,\"weight\":0,\"width\":-1},\"starRating\":null,\"text\":{\"adjustLineHeight\":false,\"maxLines\":3,\"overrideSize\":null,\"overrideSystemFont\":null,\"textItems\":[{\"backgroundColor\":null,\"bold\":false,\"color\":{\"alpha\":1,\"value\":\"#212B36\"},\"maxFontScale\":2,\"size\":14,\"strikethrough\":false,\"systemFontSize\":null,\"text\":\"모리나가 가토 쇼콜라 186g, 1개\"}]},\"verticalScroll\":null},\"type\":\"LABEL\",\"widgetType\":null},{\"_summary\":null,\"dataParts\":null,\"items\":[{\"_summary\":null,\"dataParts\":\"PRICE\",\"items\":[],\"logging\":null,\"product\":null,\"property\":{\"action\":null,\"align\":[\"CENTER_VERTICAL\"],\"backgroundColor\":null,\"border\":null,\"condition\":null,\"cornerRadius\":null,\"customAttribute\":null,\"externalDataSource\":null,\"extra\":null,\"generateTabItemFromFeed\":null,\"gravity\":[],\"horizontalScroll\":false,\"image\":null,\"imageSlideProperty\":null,\"images\":[],\"indicator\":null,\"interaction\":null,\"isFlexible\":null,\"isNonCarousel\":null,\"isRecyclerView\":null,\"margin\":{\"bottom\":0,\"left\":0,\"right\":4,\"top\":0},\"maxFilteredProductIndexesInTabItem\":null,\"minFilteredProductIndexesInTabItem\":null,\"miniSdpImageTab\":null,\"option\":null,\"optionGroups\":null,\"padding\":null,\"productDetailUris\":[],\"progressBar\":null,\"rank\":null,\"rdsFillTab\":null,\"rdsImageTab\":null,\"rdsTextTab\":null,\"recyclerView\":null,\"size\":{\"height\":-2,\"weight\":0,\"width\":-2},\"starRating\":null,\"text\":{\"adjustLineHeight\":false,\"maxLines\":0,\"overrideSize\":null,\"overrideSystemFont\":null,\"textItems\":[{\"backgroundColor\":null,\"bold\":true,\"color\":{\"alpha\":1,\"value\":\"#CB1400\"},\"maxFontScale\":2,\"size\":16,\"strikethrough\":false,\"systemFontSize\":null,\"text\":\"4,100원\"}]},\"verticalScroll\":null},\"type\":\"LABEL\",\"widgetType\":null}],\"logging\":null,\"product\":null,\"property\":{\"action\":null,\"align\":[\"CENTER_VERTICAL\"],\"backgroundColor\":null,\"border\":null,\"condition\":null,\"cornerRadius\":null,\"customAttribute\":null,\"externalDataSource\":null,\"extra\":null,\"generateTabItemFromFeed\":null,\"gravity\":[],\"horizontalScroll\":false,\"image\":null,\"imageSlideProperty\":null,\"images\":[],\"indicator\":null,\"interaction\":null,\"isFlexible\":null,\"isNonCarousel\":null,\"isRecyclerView\":null,\"margin\":{\"bottom\":2,\"left\":0,\"right\":0,\"top\":0},\"maxFilteredProductIndexesInTabItem\":null,\"minFilteredProductIndexesInTabItem\":null,\"miniSdpImageTab\":null,\"option\":null,\"optionGroups\":null,\"padding\":null,\"productDetailUris\":[],\"progressBar\":null,\"rank\":null,\"rdsFillTab\":null,\"rdsImageTab\":null,\"rdsTextTab\":null,\"recyclerView\":null,\"size\":{\"height\":-2,\"weight\":0,\"width\":-2},\"starRating\":null,\"text\":null,\"verticalScroll\":null},\"type\":\"H_STACK\",\"widgetType\":null},{\"_summary\":null,\"dataParts\":null,\"items\":[],\"logging\":null,\"product\":null,\"property\":{\"action\":null,\"align\":[],\"backgroundColor\":null,\"border\":null,\"condition\":null,\"cornerRadius\":null,\"customAttribute\":null,\"externalDataSource\":null,\"extra\":null,\"generateTabItemFromFeed\":null,\"gravity\":[],\"horizontalScroll\":false,\"image\":null,\"imageSlideProperty\":null,\"images\":[],\"indicator\":null,\"interaction\":null,\"isFlexible\":null,\"isNonCarousel\":null,\"isRecyclerView\":null,\"margin\":null,\"maxFilteredProductIndexesInTabItem\":null,\"minFilteredProductIndexesInTabItem\":null,\"miniSdpImageTab\":null,\"option\":null,\"optionGroups\":null,\"padding\":null,\"productDetailUris\":[],\"progressBar\":null,\"rank\":null,\"rdsFillTab\":null,\"rdsImageTab\":null,\"rdsTextTab\":null,\"recyclerView\":null,\"size\":{\"height\":-2,\"weight\":0,\"width\":-2},\"starRating\":null,\"text\":null,\"verticalScroll\":null},\"type\":\"V_STACK\",\"widgetType\":null},{\"_summary\":null,\"dataParts\":\"PROMISED_DELIVERY_DATE\",\"items\":[],\"logging\":null,\"product\":null,\"property\":{\"action\":null,\"align\":[],\"backgroundColor\":null,\"border\":null,\"condition\":null,\"cornerRadius\":null,\"customAttribute\":null,\"externalDataSource\":null,\"extra\":null,\"generateTabItemFromFeed\":null,\"gravity\":[],\"horizontalScroll\":false,\"image\":null,\"imageSlideProperty\":null,\"images\":[],\"indicator\":null,\"interaction\":null,\"isFlexible\":null,\"isNonCarousel\":null,\"isRecyclerView\":null,\"margin\":{\"bottom\":6,\"left\":0,\"right\":0,\"top\":3},\"maxFilteredProductIndexesInTabItem\":null,\"minFilteredProductIndexesInTabItem\":null,\"miniSdpImageTab\":null,\"option\":null,\"optionGroups\":null,\"padding\":null,\"productDetailUris\":[],\"progressBar\":null,\"rank\":null,\"rdsFillTab\":null,\"rdsImageTab\":null,\"rdsTextTab\":null,\"recyclerView\":null,\"size\":{\"height\":-2,\"weight\":0,\"width\":-2},\"starRating\":null,\"text\":{\"adjustLineHeight\":false,\"maxLines\":0,\"overrideSize\":14,\"overrideSystemFont\":null,\"textItems\":[{\"backgroundColor\":null,\"bold\":false,\"color\":{\"alpha\":1,\"value\":\"#212B36\"},\"maxFontScale\":2,\"size\":14,\"strikethrough\":false,\"systemFontSize\":null,\"text\":\"6/7(토) \"},{\"backgroundColor\":null,\"bold\":false,\"color\":{\"alpha\":1,\"value\":\"#212B36\"},\"maxFontScale\":2,\"size\":14,\"strikethrough\":false,\"systemFontSize\":null,\"text\":\"도착 예정\"}]},\"verticalScroll\":null},\"type\":\"LABEL\",\"widgetType\":null},{\"_summary\":null,\"dataParts\":null,\"items\":[{\"_summary\":null,\"dataParts\":\"STAR_RATING\",\"items\":[],\"logging\":null,\"product\":null,\"property\":{\"action\":null,\"align\":[\"CENTER_VERTICAL\"],\"backgroundColor\":null,\"border\":null,\"condition\":null,\"cornerRadius\":null,\"customAttribute\":null,\"externalDataSource\":null,\"extra\":null,\"generateTabItemFromFeed\":null,\"gravity\":[],\"horizontalScroll\":false,\"image\":null,\"imageSlideProperty\":null,\"images\":[],\"indicator\":null,\"interaction\":null,\"isFlexible\":null,\"isNonCarousel\":null,\"isRecyclerView\":null,\"margin\":{\"bottom\":0,\"left\":0,\"right\":4,\"top\":0},\"maxFilteredProductIndexesInTabItem\":null,\"minFilteredProductIndexesInTabItem\":null,\"miniSdpImageTab\":null,\"option\":null,\"optionGroups\":null,\"padding\":null,\"productDetailUris\":[],\"progressBar\":null,\"rank\":null,\"rdsFillTab\":null,\"rdsImageTab\":null,\"rdsTextTab\":null,\"recyclerView\":null,\"size\":{\"height\":-2,\"weight\":0,\"width\":-2},\"starRating\":{\"rating\":4.5,\"style\":\"SMALL\"},\"text\":null,\"verticalScroll\":null},\"type\":\"STAR_RATING\",\"widgetType\":null},{\"_summary\":null,\"dataParts\":\"STAR_RATING_COUNT\",\"items\":[],\"logging\":null,\"product\":null,\"property\":{\"action\":null,\"align\":[\"CENTER_VERTICAL\"],\"backgroundColor\":{\"alpha\":1,\"value\":\"\"},\"border\":null,\"condition\":null,\"cornerRadius\":null,\"customAttribute\":null,\"externalDataSource\":null,\"extra\":null,\"generateTabItemFromFeed\":null,\"gravity\":[\"CENTER_VERTICAL\"],\"horizontalScroll\":false,\"image\":null,\"imageSlideProperty\":null,\"images\":[],\"indicator\":null,\"interaction\":null,\"isFlexible\":null,\"isNonCarousel\":null,\"isRecyclerView\":null,\"margin\":{\"bottom\":0,\"left\":0,\"right\":0,\"top\":0},\"maxFilteredProductIndexesInTabItem\":null,\"minFilteredProductIndexesInTabItem\":null,\"miniSdpImageTab\":null,\"option\":null,\"optionGroups\":null,\"padding\":null,\"productDetailUris\":[],\"progressBar\":null,\"rank\":null,\"rdsFillTab\":null,\"rdsImageTab\":null,\"rdsTextTab\":null,\"recyclerView\":null,\"size\":{\"height\":-2,\"weight\":0,\"width\":-2},\"starRating\":null,\"text\":{\"adjustLineHeight\":false,\"maxLines\":0,\"overrideSize\":null,\"overrideSystemFont\":null,\"textItems\":[{\"backgroundColor\":null,\"bold\":false,\"color\":{\"alpha\":1,\"value\":\"#768695\"},\"maxFontScale\":2,\"size\":12,\"strikethrough\":false,\"systemFontSize\":null,\"text\":\"(36)\"}]},\"verticalScroll\":null},\"type\":\"LABEL\",\"widgetType\":null}],\"logging\":null,\"product\":null,\"property\":{\"action\":null,\"align\":[\"CENTER_VERTICAL\"],\"backgroundColor\":null,\"border\":null,\"condition\":null,\"cornerRadius\":null,\"customAttribute\":null,\"externalDataSource\":null,\"extra\":null,\"generateTabItemFromFeed\":null,\"gravity\":[],\"horizontalScroll\":false,\"image\":null,\"imageSlideProperty\":null,\"images\":[],\"indicator\":null,\"interaction\":null,\"isFlexible\":null,\"isNonCarousel\":null,\"isRecyclerView\":null,\"margin\":{\"bottom\":8,\"left\":0,\"right\":0,\"top\":0},\"maxFilteredProductIndexesInTabItem\":null,\"minFilteredProductIndexesInTabItem\":null,\"miniSdpImageTab\":null,\"option\":null,\"optionGroups\":null,\"padding\":null,\"productDetailUris\":[],\"progressBar\":null,\"rank\":null,\"rdsFillTab\":null,\"rdsImageTab\":null,\"rdsTextTab\":null,\"recyclerView\":null,\"size\":{\"height\":-2,\"weight\":0,\"width\":-2},\"starRating\":null,\"text\":null,\"verticalScroll\":null},\"type\":\"H_STACK\",\"widgetType\":null},{\"_summary\":null,\"dataParts\":\"ROCKET_CASH_REWARD\",\"items\":[{\"_summary\":null,\"dataParts\":null,\"items\":[],\"logging\":null,\"product\":null,\"property\":{\"action\":null,\"align\":[\"CENTER_VERTICAL\"],\"backgroundColor\":null,\"border\":null,\"condition\":null,\"cornerRadius\":null,\"customAttribute\":null,\"externalDataSource\":null,\"extra\":null,\"generateTabItemFromFeed\":null,\"gravity\":[],\"horizontalScroll\":false,\"image\":{\"duration\":null,\"scaleType\":null,\"size\":{\"height\":-2,\"weight\":0,\"width\":-2},\"ttiKey\":null,\"path\":\"http://image12.coupangcdn.com/image/badges/cashback/aos/xxxhdpi/list_cash_icon.png\"},\"imageSlideProperty\":null,\"images\":[],\"indicator\":null,\"interaction\":null,\"isFlexible\":null,\"isNonCarousel\":null,\"isRecyclerView\":null,\"margin\":{\"bottom\":0,\"left\":0,\"right\":4,\"top\":1},\"maxFilteredProductIndexesInTabItem\":null,\"minFilteredProductIndexesInTabItem\":null,\"miniSdpImageTab\":null,\"option\":null,\"optionGroups\":null,\"padding\":null,\"productDetailUris\":[],\"progressBar\":null,\"rank\":null,\"rdsFillTab\":null,\"rdsImageTab\":null,\"rdsTextTab\":null,\"recyclerView\":null,\"size\":{\"height\":12,\"weight\":0,\"width\":-2},\"starRating\":null,\"text\":null,\"verticalScroll\":null},\"type\":\"IMAGE\",\"widgetType\":null},{\"_summary\":null,\"dataParts\":null,\"items\":[],\"logging\":null,\"product\":null,\"property\":{\"action\":null,\"align\":[\"CENTER_VERTICAL\"],\"backgroundColor\":null,\"border\":null,\"condition\":null,\"cornerRadius\":null,\"customAttribute\":null,\"externalDataSource\":null,\"extra\":null,\"generateTabItemFromFeed\":null,\"gravity\":[],\"horizontalScroll\":false,\"image\":null,\"imageSlideProperty\":null,\"images\":[],\"indicator\":null,\"interaction\":null,\"isFlexible\":null,\"isNonCarousel\":null,\"isRecyclerView\":null,\"margin\":{\"bottom\":1,\"left\":0,\"right\":0,\"top\":0},\"maxFilteredProductIndexesInTabItem\":null,\"minFilteredProductIndexesInTabItem\":null,\"miniSdpImageTab\":null,\"option\":null,\"optionGroups\":null,\"padding\":{\"bottom\":0,\"left\":0,\"right\":0,\"top\":0},\"productDetailUris\":[],\"progressBar\":null,\"rank\":null,\"rdsFillTab\":null,\"rdsImageTab\":null,\"rdsTextTab\":null,\"recyclerView\":null,\"size\":{\"height\":-2,\"weight\":0,\"width\":-2},\"starRating\":null,\"text\":{\"adjustLineHeight\":false,\"maxLines\":0,\"overrideSize\":null,\"overrideSystemFont\":null,\"textItems\":[{\"backgroundColor\":null,\"bold\":true,\"color\":{\"alpha\":1,\"value\":\"#454F5B\"},\"maxFontScale\":2,\"size\":12,\"strikethrough\":false,\"systemFontSize\":null,\"text\":\"최대 199원 적립\"}]},\"verticalScroll\":null},\"type\":\"LABEL\",\"widgetType\":null}],\"logging\":null,\"product\":null,\"property\":{\"action\":null,\"align\":[\"CENTER_VERTICAL\",\"LEFT\"],\"backgroundColor\":{\"alpha\":1,\"value\":\"#F1F4F6\"},\"border\":null,\"condition\":null,\"cornerRadius\":{\"leftBottom\":4,\"leftTop\":4,\"rightBottom\":4,\"rightTop\":4},\"customAttribute\":{\"width\":\"max-content\"},\"externalDataSource\":null,\"extra\":null,\"generateTabItemFromFeed\":null,\"gravity\":[],\"horizontalScroll\":false,\"image\":null,\"imageSlideProperty\":null,\"images\":[],\"indicator\":null,\"interaction\":null,\"isFlexible\":null,\"isNonCarousel\":null,\"isRecyclerView\":null,\"margin\":null,\"maxFilteredProductIndexesInTabItem\":null,\"minFilteredProductIndexesInTabItem\":null,\"miniSdpImageTab\":null,\"option\":null,\"optionGroups\":null,\"padding\":{\"bottom\":2,\"left\":6,\"right\":6,\"top\":2},\"productDetailUris\":[],\"progressBar\":null,\"rank\":null,\"rdsFillTab\":null,\"rdsImageTab\":null,\"rdsTextTab\":null,\"recyclerView\":null,\"size\":{\"height\":20,\"weight\":0,\"width\":-2},\"starRating\":null,\"text\":null,\"verticalScroll\":null},\"type\":\"H_STACK\",\"widgetType\":null}],\"logging\":{\"adLog\":{\"clickLogUri\":\"https://mercury.coupang.com/e.gif?r=78fd0f00-407f-11f0-8dba-40349e4d4a31%7E3\u0026korePlacement=16\u0026koreSubPlacement=5\u0026templateId=3886\",\"eventId\":\"78fd0f00-407f-11f0-8dba-40349e4d4a31\",\"impressionLogUri\":\"https://mercury.coupang.com/e.gif?r=78fd0f00-407f-11f0-8dba-40349e4d4a31%7E1\u0026korePlacement=16\u0026koreSubPlacement=5\u0026templateId=3886\",\"skipViewImpression\":\"\",\"viewImpression\":\"https://mercury.coupang.com/e.gif?r=78fd0f00-407f-11f0-8dba-40349e4d4a31%7E2\u0026korePlacement=16\u0026templateId=3886\"},\"bypass\":{\"clickReferrer\":\"\",\"clickSchemas\":[{\"extra\":{},\"id\":\"2959\",\"mandatory\":{\"logType\":\"click\",\"eventId\":\"78fd0f00-407f-11f0-8dba-40349e4d4a31\",\"rawBeacon\":\"https://mercury.coupang.com/e.gif?r=78fd0f00-407f-11f0-8dba-40349e4d4a31%7E3\u0026korePlacement=16\u0026koreSubPlacement=5\u0026templateId=3886\",\"productId\":\"6274745732\",\"vendorItemId\":\"80912358243\",\"query\":\"일본과자\",\"channel\":\"recent\",\"pageName\":\"srp\",\"itemId\":\"12410413178\",\"dcoTemplateId\":\"3886\",\"searchId\":\"afc562b78792054\",\"sourceType\":\"srp_feed_carousel_ads\",\"feedId\":\"db90a0b6e7264b7083b2c91805b2a97b\",\"domain\":\"srp\",\"eventName\":\"srp_bottom_carousel_click\",\"rank\":5,\"logCategory\":\"event\",\"contentType\":\"SRP\"},\"version\":\"3\"}],\"clicks\":[],\"exposure\":null,\"exposureSchema\":null,\"load\":null,\"loadSchema\":null},\"contribution\":null,\"sourceType\":\"srp_feed_carousel_ads\"},\"product\":true,\"property\":{\"action\":{\"data\":\"https://www.coupang.com/vp/products/6274745732?itemId=12410413178\u0026vendorItemId=80912358243\u0026sourceType=srp_feed_carousel_ads\u0026clickEventId=78fd0f00-407f-11f0-8dba-40349e4d4a31\u0026korePlacement=16\u0026koreSubPlacement=5\u0026templateId=3886\",\"isSendProductLJClickLogging\":null,\"isSendProductUEClickLogging\":null,\"logging\":null,\"moreLink\":{},\"type\":\"MOVE_PAGE\"},\"align\":[],\"backgroundColor\":null,\"border\":null,\"condition\":null,\"cornerRadius\":null,\"customAttribute\":null,\"externalDataSource\":null,\"extra\":null,\"generateTabItemFromFeed\":null,\"gravity\":[],\"horizontalScroll\":false,\"image\":null,\"imageSlideProperty\":null,\"images\":[],\"indicator\":null,\"interaction\":null,\"isFlexible\":null,\"isNonCarousel\":null,\"isRecyclerView\":null,\"margin\":{\"bottom\":10,\"left\":10,\"right\":0,\"top\":10},\"maxFilteredProductIndexesInTabItem\":null,\"minFilteredProductIndexesInTabItem\":null,\"miniSdpImageTab\":null,\"option\":null,\"optionGroups\":null,\"padding\":{\"bottom\":5,\"left\":5,\"right\":0,\"top\":5},\"productDetailUris\":[],\"progressBar\":null,\"rank\":null,\"rdsFillTab\":null,\"rdsImageTab\":null,\"rdsTextTab\":null,\"recyclerView\":null,\"size\":{\"height\":-2,\"weight\":0,\"width\":-2},\"starRating\":null,\"text\":null,\"verticalScroll\":null},\"type\":\"V_STACK\",\"widgetType\":null}],\"logging\":null,\"product\":null,\"property\":{\"action\":null,\"align\":[],\"backgroundColor\":null,\"border\":null,\"condition\":null,\"cornerRadius\":null,\"customAttribute\":null,\"externalDataSource\":null,\"extra\":null,\"generateTabItemFromFeed\":null,\"gravity\":[],\"horizontalScroll\":false,\"image\":null,\"imageSlideProperty\":null,\"images\":[],\"indicator\":null,\"interaction\":null,\"isFlexible\":null,\"isNonCarousel\":null,\"isRecyclerView\":null,\"margin\":{\"bottom\":0,\"left\":0,\"right\":10,\"top\":0},\"maxFilteredProductIndexesInTabItem\":null,\"minFilteredProductIndexesInTabItem\":null,\"miniSdpImageTab\":null,\"option\":null,\"optionGroups\":null,\"padding\":{\"bottom\":16,\"left\":0,\"right\":0,\"top\":0},\"productDetailUris\":[],\"progressBar\":null,\"rank\":null,\"rdsFillTab\":null,\"rdsImageTab\":null,\"rdsTextTab\":null,\"recyclerView\":null,\"size\":{\"height\":-2,\"weight\":0,\"width\":178},\"starRating\":null,\"text\":null,\"verticalScroll\":null},\"type\":\"H_STACK\",\"widgetType\":null},{\"_summary\":null,\"dataParts\":null,\"items\":[{\"_summary\":null,\"dataParts\":null,\"items\":[{\"_summary\":null,\"dataParts\":null,\"items\":[{\"_summary\":null,\"dataParts\":\"MAIN_IMAGE\",\"items\":[],\"logging\":null,\"product\":null,\"property\":{\"action\":null,\"align\":[],\"backgroundColor\":null,\"border\":null,\"condition\":null,\"cornerRadius\":null,\"customAttribute\":null,\"externalDataSource\":null,\"extra\":null,\"generateTabItemFromFeed\":null,\"gravity\":[],\"horizontalScroll\":false,\"image\":{\"duration\":null,\"scaleType\":null,\"size\":{\"height\":158,\"weight\":0,\"width\":158},\"ttiKey\":null,\"path\":\"https://thumbnail7.coupangcdn.com/thumbnails/remote/292x292q65ex/image/vendor_inventory/a072/f8e657303e57757f07a2a0cd4570fdce9c2ad6b9aed1416cbddab2eaa473.jpg\"},\"imageSlideProperty\":null,\"images\":[],\"indicator\":null,\"interaction\":null,\"isFlexible\":null,\"isNonCarousel\":null,\"isRecyclerView\":null,\"margin\":{\"bottom\":4,\"left\":0,\"right\":0,\"top\":0},\"maxFilteredProductIndexesInTabItem\":null,\"minFilteredProductIndexesInTabItem\":null,\"miniSdpImageTab\":null,\"option\":null,\"optionGroups\":null,\"padding\":null,\"productDetailUris\":[],\"progressBar\":null,\"rank\":null,\"rdsFillTab\":null,\"rdsImageTab\":null,\"rdsTextTab\":null,\"recyclerView\":null,\"size\":{\"height\":158,\"weight\":0,\"width\":158},\"starRating\":null,\"text\":null,\"verticalScroll\":null},\"type\":\"IMAGE\",\"widgetType\":null}],\"logging\":null,\"product\":null,\"property\":{\"action\":null,\"align\":[],\"backgroundColor\":null,\"border\":null,\"condition\":null,\"cornerRadius\":null,\"customAttribute\":null,\"externalDataSource\":null,\"extra\":null,\"generateTabItemFromFeed\":null,\"gravity\":[],\"horizontalScroll\":false,\"image\":null,\"imageSlideProperty\":null,\"images\":[],\"indicator\":null,\"interaction\":null,\"isFlexible\":null,\"isNonCarousel\":null,\"isRecyclerView\":null,\"margin\":{\"bottom\":4,\"left\":0,\"right\":0,\"top\":0},\"maxFilteredProductIndexesInTabItem\":null,\"minFilteredProductIndexesInTabItem\":null,\"miniSdpImageTab\":null,\"option\":null,\"optionGroups\":null,\"padding\":null,\"productDetailUris\":[],\"progressBar\":null,\"rank\":null,\"rdsFillTab\":null,\"rdsImageTab\":null,\"rdsTextTab\":null,\"recyclerView\":null,\"size\":{\"height\":186,\"weight\":0,\"width\":-2},\"starRating\":null,\"text\":null,\"verticalScroll\":null},\"type\":\"V_STACK\",\"widgetType\":null},{\"_summary\":null,\"dataParts\":\"PRODUCT_TITLE\",\"items\":[],\"logging\":null,\"product\":null,\"property\":{\"action\":null,\"align\":[],\"backgroundColor\":null,\"border\":null,\"condition\":null,\"cornerRadius\":null,\"customAttribute\":null,\"externalDataSource\":null,\"extra\":null,\"generateTabItemFromFeed\":null,\"gravity\":[],\"horizontalScroll\":false,\"image\":null,\"imageSlideProperty\":null,\"images\":[],\"indicator\":null,\"interaction\":null,\"isFlexible\":null,\"isNonCarousel\":null,\"isRecyclerView\":null,\"margin\":{\"bottom\":6,\"left\":0,\"right\":0,\"top\":0},\"maxFilteredProductIndexesInTabItem\":null,\"minFilteredProductIndexesInTabItem\":null,\"miniSdpImageTab\":null,\"option\":null,\"optionGroups\":null,\"padding\":null,\"productDetailUris\":[],\"progressBar\":null,\"rank\":null,\"rdsFillTab\":null,\"rdsImageTab\":null,\"rdsTextTab\":null,\"recyclerView\":null,\"size\":{\"height\":-2,\"weight\":0,\"width\":-1},\"starRating\":null,\"text\":{\"adjustLineHeight\":false,\"maxLines\":3,\"overrideSize\":null,\"overrideSystemFont\":null,\"textItems\":[{\"backgroundColor\":null,\"bold\":false,\"color\":{\"alpha\":1,\"value\":\"#212B36\"},\"maxFontScale\":2,\"size\":14,\"strikethrough\":false,\"systemFontSize\":null,\"text\":\"카메다 소프트사라다 145.2g, 139.6g, 1개\"}]},\"verticalScroll\":null},\"type\":\"LABEL\",\"widgetType\":null},{\"_summary\":null,\"dataParts\":null,\"items\":[{\"_summary\":null,\"dataParts\":\"PRICE\",\"items\":[],\"logging\":null,\"product\":null,\"property\":{\"action\":null,\"align\":[\"CENTER_VERTICAL\"],\"backgroundColor\":null,\"border\":null,\"condition\":null,\"cornerRadius\":null,\"customAttribute\":null,\"externalDataSource\":null,\"extra\":null,\"generateTabItemFromFeed\":null,\"gravity\":[],\"horizontalScroll\":false,\"image\":null,\"imageSlideProperty\":null,\"images\":[],\"indicator\":null,\"interaction\":null,\"isFlexible\":null,\"isNonCarousel\":null,\"isRecyclerView\":null,\"margin\":{\"bottom\":0,\"left\":0,\"right\":4,\"top\":0},\"maxFilteredProductIndexesInTabItem\":null,\"minFilteredProductIndexesInTabItem\":null,\"miniSdpImageTab\":null,\"option\":null,\"optionGroups\":null,\"padding\":null,\"productDetailUris\":[],\"progressBar\":null,\"rank\":null,\"rdsFillTab\":null,\"rdsImageTab\":null,\"rdsTextTab\":null,\"recyclerView\":null,\"size\":{\"height\":-2,\"weight\":0,\"width\":-2},\"starRating\":null,\"text\":{\"adjustLineHeight\":false,\"maxLines\":0,\"overrideSize\":null,\"overrideSystemFont\":null,\"textItems\":[{\"backgroundColor\":null,\"bold\":true,\"color\":{\"alpha\":1,\"value\":\"#CB1400\"},\"maxFontScale\":2,\"size\":16,\"strikethrough\":false,\"systemFontSize\":null,\"text\":\"5,800원\"}]},\"verticalScroll\":null},\"type\":\"LABEL\",\"widgetType\":null}],\"logging\":null,\"product\":null,\"property\":{\"action\":null,\"align\":[\"CENTER_VERTICAL\"],\"backgroundColor\":null,\"border\":null,\"condition\":null,\"cornerRadius\":null,\"customAttribute\":null,\"externalDataSource\":null,\"extra\":null,\"generateTabItemFromFeed\":null,\"gravity\":[],\"horizontalScroll\":false,\"image\":null,\"imageSlideProperty\":null,\"images\":[],\"indicator\":null,\"interaction\":null,\"isFlexible\":null,\"isNonCarousel\":null,\"isRecyclerView\":null,\"margin\":{\"bottom\":2,\"left\":0,\"right\":0,\"top\":0},\"maxFilteredProductIndexesInTabItem\":null,\"minFilteredProductIndexesInTabItem\":null,\"miniSdpImageTab\":null,\"option\":null,\"optionGroups\":null,\"padding\":null,\"productDetailUris\":[],\"progressBar\":null,\"rank\":null,\"rdsFillTab\":null,\"rdsImageTab\":null,\"rdsTextTab\":null,\"recyclerView\":null,\"size\":{\"height\":-2,\"weight\":0,\"width\":-2},\"starRating\":null,\"text\":null,\"verticalScroll\":null},\"type\":\"H_STACK\",\"widgetType\":null},{\"_summary\":null,\"dataParts\":\"UNIT_PRICE\",\"items\":[],\"logging\":null,\"product\":null,\"property\":{\"action\":null,\"align\":[],\"backgroundColor\":null,\"border\":null,\"condition\":null,\"cornerRadius\":null,\"customAttribute\":null,\"externalDataSource\":null,\"extra\":null,\"generateTabItemFromFeed\":null,\"gravity\":[],\"horizontalScroll\":false,\"image\":null,\"imageSlideProperty\":null,\"images\":[],\"indicator\":null,\"interaction\":null,\"isFlexible\":null,\"isNonCarousel\":null,\"isRecyclerView\":null,\"margin\":{\"bottom\":3,\"left\":0,\"right\":0,\"top\":0},\"maxFilteredProductIndexesInTabItem\":null,\"minFilteredProductIndexesInTabItem\":null,\"miniSdpImageTab\":null,\"option\":null,\"optionGroups\":null,\"padding\":null,\"productDetailUris\":[],\"progressBar\":null,\"rank\":null,\"rdsFillTab\":null,\"rdsImageTab\":null,\"rdsTextTab\":null,\"recyclerView\":null,\"size\":{\"height\":-2,\"weight\":0,\"width\":-2},\"starRating\":null,\"text\":{\"adjustLineHeight\":false,\"maxLines\":0,\"overrideSize\":null,\"overrideSystemFont\":null,\"textItems\":[{\"backgroundColor\":null,\"bold\":false,\"color\":{\"alpha\":1,\"value\":\"#CB1400\"},\"maxFontScale\":2,\"size\":11,\"strikethrough\":false,\"systemFontSize\":null,\"text\":\"(10g당 415원)\"}]},\"verticalScroll\":null},\"type\":\"LABEL\",\"widgetType\":null},{\"_summary\":null,\"dataParts\":null,\"items\":[],\"logging\":null,\"product\":null,\"property\":{\"action\":null,\"align\":[],\"backgroundColor\":null,\"border\":null,\"condition\":null,\"cornerRadius\":null,\"customAttribute\":null,\"externalDataSource\":null,\"extra\":null,\"generateTabItemFromFeed\":null,\"gravity\":[],\"horizontalScroll\":false,\"image\":null,\"imageSlideProperty\":null,\"images\":[],\"indicator\":null,\"interaction\":null,\"isFlexible\":null,\"isNonCarousel\":null,\"isRecyclerView\":null,\"margin\":null,\"maxFilteredProductIndexesInTabItem\":null,\"minFilteredProductIndexesInTabItem\":null,\"miniSdpImageTab\":null,\"option\":null,\"optionGroups\":null,\"padding\":null,\"productDetailUris\":[],\"progressBar\":null,\"rank\":null,\"rdsFillTab\":null,\"rdsImageTab\":null,\"rdsTextTab\":null,\"recyclerView\":null,\"size\":{\"height\":-2,\"weight\":0,\"width\":-2},\"starRating\":null,\"text\":null,\"verticalScroll\":null},\"type\":\"V_STACK\",\"widgetType\":null},{\"_summary\":null,\"dataParts\":\"PROMISED_DELIVERY_DATE\",\"items\":[],\"logging\":null,\"product\":null,\"property\":{\"action\":null,\"align\":[],\"backgroundColor\":null,\"border\":null,\"condition\":null,\"cornerRadius\":null,\"customAttribute\":null,\"externalDataSource\":null,\"extra\":null,\"generateTabItemFromFeed\":null,\"gravity\":[],\"horizontalScroll\":false,\"image\":null,\"imageSlideProperty\":null,\"images\":[],\"indicator\":null,\"interaction\":null,\"isFlexible\":null,\"isNonCarousel\":null,\"isRecyclerView\":null,\"margin\":{\"bottom\":6,\"left\":0,\"right\":0,\"top\":3},\"maxFilteredProductIndexesInTabItem\":null,\"minFilteredProductIndexesInTabItem\":null,\"miniSdpImageTab\":null,\"option\":null,\"optionGroups\":null,\"padding\":null,\"productDetailUris\":[],\"progressBar\":null,\"rank\":null,\"rdsFillTab\":null,\"rdsImageTab\":null,\"rdsTextTab\":null,\"recyclerView\":null,\"size\":{\"height\":-2,\"weight\":0,\"width\":-2},\"starRating\":null,\"text\":{\"adjustLineHeight\":false,\"maxLines\":0,\"overrideSize\":14,\"overrideSystemFont\":null,\"textItems\":[{\"backgroundColor\":null,\"bold\":false,\"color\":{\"alpha\":1,\"value\":\"#212B36\"},\"maxFontScale\":2,\"size\":14,\"strikethrough\":false,\"systemFontSize\":null,\"text\":\"6/7(토) \"},{\"backgroundColor\":null,\"bold\":false,\"color\":{\"alpha\":1,\"value\":\"#212B36\"},\"maxFontScale\":2,\"size\":14,\"strikethrough\":false,\"systemFontSize\":null,\"text\":\"도착 예정\"}]},\"verticalScroll\":null},\"type\":\"LABEL\",\"widgetType\":null},{\"_summary\":null,\"dataParts\":null,\"items\":[{\"_summary\":null,\"dataParts\":\"STAR_RATING\",\"items\":[],\"logging\":null,\"product\":null,\"property\":{\"action\":null,\"align\":[\"CENTER_VERTICAL\"],\"backgroundColor\":null,\"border\":null,\"condition\":null,\"cornerRadius\":null,\"customAttribute\":null,\"externalDataSource\":null,\"extra\":null,\"generateTabItemFromFeed\":null,\"gravity\":[],\"horizontalScroll\":false,\"image\":null,\"imageSlideProperty\":null,\"images\":[],\"indicator\":null,\"interaction\":null,\"isFlexible\":null,\"isNonCarousel\":null,\"isRecyclerView\":null,\"margin\":{\"bottom\":0,\"left\":0,\"right\":4,\"top\":0},\"maxFilteredProductIndexesInTabItem\":null,\"minFilteredProductIndexesInTabItem\":null,\"miniSdpImageTab\":null,\"option\":null,\"optionGroups\":null,\"padding\":null,\"productDetailUris\":[],\"progressBar\":null,\"rank\":null,\"rdsFillTab\":null,\"rdsImageTab\":null,\"rdsTextTab\":null,\"recyclerView\":null,\"size\":{\"height\":-2,\"weight\":0,\"width\":-2},\"starRating\":{\"rating\":4.5,\"style\":\"SMALL\"},\"text\":null,\"verticalScroll\":null},\"type\":\"STAR_RATING\",\"widgetType\":null},{\"_summary\":null,\"dataParts\":\"STAR_RATING_COUNT\",\"items\":[],\"logging\":null,\"product\":null,\"property\":{\"action\":null,\"align\":[\"CENTER_VERTICAL\"],\"backgroundColor\":{\"alpha\":1,\"value\":\"\"},\"border\":null,\"condition\":null,\"cornerRadius\":null,\"customAttribute\":null,\"externalDataSource\":null,\"extra\":null,\"generateTabItemFromFeed\":null,\"gravity\":[\"CENTER_VERTICAL\"],\"horizontalScroll\":false,\"image\":null,\"imageSlideProperty\":null,\"images\":[],\"indicator\":null,\"interaction\":null,\"isFlexible\":null,\"isNonCarousel\":null,\"isRecyclerView\":null,\"margin\":{\"bottom\":0,\"left\":0,\"right\":0,\"top\":0},\"maxFilteredProductIndexesInTabItem\":null,\"minFilteredProductIndexesInTabItem\":null,\"miniSdpImageTab\":null,\"option\":null,\"optionGroups\":null,\"padding\":null,\"productDetailUris\":[],\"progressBar\":null,\"rank\":null,\"rdsFillTab\":null,\"rdsImageTab\":null,\"rdsTextTab\":null,\"recyclerView\":null,\"size\":{\"height\":-2,\"weight\":0,\"width\":-2},\"starRating\":null,\"text\":{\"adjustLineHeight\":false,\"maxLines\":0,\"overrideSize\":null,\"overrideSystemFont\":null,\"textItems\":[{\"backgroundColor\":null,\"bold\":false,\"color\":{\"alpha\":1,\"value\":\"#768695\"},\"maxFontScale\":2,\"size\":12,\"strikethrough\":false,\"systemFontSize\":null,\"text\":\"(386)\"}]},\"verticalScroll\":null},\"type\":\"LABEL\",\"widgetType\":null}],\"logging\":null,\"product\":null,\"property\":{\"action\":null,\"align\":[\"CENTER_VERTICAL\"],\"backgroundColor\":null,\"border\":null,\"condition\":null,\"cornerRadius\":null,\"customAttribute\":null,\"externalDataSource\":null,\"extra\":null,\"generateTabItemFromFeed\":null,\"gravity\":[],\"horizontalScroll\":false,\"image\":null,\"imageSlideProperty\":null,\"images\":[],\"indicator\":null,\"interaction\":null,\"isFlexible\":null,\"isNonCarousel\":null,\"isRecyclerView\":null,\"margin\":{\"bottom\":8,\"left\":0,\"right\":0,\"top\":0},\"maxFilteredProductIndexesInTabItem\":null,\"minFilteredProductIndexesInTabItem\":null,\"miniSdpImageTab\":null,\"option\":null,\"optionGroups\":null,\"padding\":null,\"productDetailUris\":[],\"progressBar\":null,\"rank\":null,\"rdsFillTab\":null,\"rdsImageTab\":null,\"rdsTextTab\":null,\"recyclerView\":null,\"size\":{\"height\":-2,\"weight\":0,\"width\":-2},\"starRating\":null,\"text\":null,\"verticalScroll\":null},\"type\":\"H_STACK\",\"widgetType\":null},{\"_summary\":null,\"dataParts\":\"ROCKET_CASH_REWARD\",\"items\":[{\"_summary\":null,\"dataParts\":null,\"items\":[],\"logging\":null,\"product\":null,\"property\":{\"action\":null,\"align\":[\"CENTER_VERTICAL\"],\"backgroundColor\":null,\"border\":null,\"condition\":null,\"cornerRadius\":null,\"customAttribute\":null,\"externalDataSource\":null,\"extra\":null,\"generateTabItemFromFeed\":null,\"gravity\":[],\"horizontalScroll\":false,\"image\":{\"duration\":null,\"scaleType\":null,\"size\":{\"height\":-2,\"weight\":0,\"width\":-2},\"ttiKey\":null,\"path\":\"http://image5.coupangcdn.com/image/badges/cashback/aos/xxxhdpi/list_cash_icon.png\"},\"imageSlideProperty\":null,\"images\":[],\"indicator\":null,\"interaction\":null,\"isFlexible\":null,\"isNonCarousel\":null,\"isRecyclerView\":null,\"margin\":{\"bottom\":0,\"left\":0,\"right\":4,\"top\":1},\"maxFilteredProductIndexesInTabItem\":null,\"minFilteredProductIndexesInTabItem\":null,\"miniSdpImageTab\":null,\"option\":null,\"optionGroups\":null,\"padding\":null,\"productDetailUris\":[],\"progressBar\":null,\"rank\":null,\"rdsFillTab\":null,\"rdsImageTab\":null,\"rdsTextTab\":null,\"recyclerView\":null,\"size\":{\"height\":12,\"weight\":0,\"width\":-2},\"starRating\":null,\"text\":null,\"verticalScroll\":null},\"type\":\"IMAGE\",\"widgetType\":null},{\"_summary\":null,\"dataParts\":null,\"items\":[],\"logging\":null,\"product\":null,\"property\":{\"action\":null,\"align\":[\"CENTER_VERTICAL\"],\"backgroundColor\":null,\"border\":null,\"condition\":null,\"cornerRadius\":null,\"customAttribute\":null,\"externalDataSource\":null,\"extra\":null,\"generateTabItemFromFeed\":null,\"gravity\":[],\"horizontalScroll\":false,\"image\":null,\"imageSlideProperty\":null,\"images\":[],\"indicator\":null,\"interaction\":null,\"isFlexible\":null,\"isNonCarousel\":null,\"isRecyclerView\":null,\"margin\":{\"bottom\":1,\"left\":0,\"right\":0,\"top\":0},\"maxFilteredProductIndexesInTabItem\":null,\"minFilteredProductIndexesInTabItem\":null,\"miniSdpImageTab\":null,\"option\":null,\"optionGroups\":null,\"padding\":{\"bottom\":0,\"left\":0,\"right\":0,\"top\":0},\"productDetailUris\":[],\"progressBar\":null,\"rank\":null,\"rdsFillTab\":null,\"rdsImageTab\":null,\"rdsTextTab\":null,\"recyclerView\":null,\"size\":{\"height\":-2,\"weight\":0,\"width\":-2},\"starRating\":null,\"text\":{\"adjustLineHeight\":false,\"maxLines\":0,\"overrideSize\":null,\"overrideSystemFont\":null,\"textItems\":[{\"backgroundColor\":null,\"bold\":true,\"color\":{\"alpha\":1,\"value\":\"#454F5B\"},\"maxFontScale\":2,\"size\":12,\"strikethrough\":false,\"systemFontSize\":null,\"text\":\"최대 290원 적립\"}]},\"verticalScroll\":null},\"type\":\"LABEL\",\"widgetType\":null}],\"logging\":null,\"product\":null,\"property\":{\"action\":null,\"align\":[\"CENTER_VERTICAL\",\"LEFT\"],\"backgroundColor\":{\"alpha\":1,\"value\":\"#F1F4F6\"},\"border\":null,\"condition\":null,\"cornerRadius\":{\"leftBottom\":4,\"leftTop\":4,\"rightBottom\":4,\"rightTop\":4},\"customAttribute\":{\"width\":\"max-content\"},\"externalDataSource\":null,\"extra\":null,\"generateTabItemFromFeed\":null,\"gravity\":[],\"horizontalScroll\":false,\"image\":null,\"imageSlideProperty\":null,\"images\":[],\"indicator\":null,\"interaction\":null,\"isFlexible\":null,\"isNonCarousel\":null,\"isRecyclerView\":null,\"margin\":null,\"maxFilteredProductIndexesInTabItem\":null,\"minFilteredProductIndexesInTabItem\":null,\"miniSdpImageTab\":null,\"option\":null,\"optionGroups\":null,\"padding\":{\"bottom\":2,\"left\":6,\"right\":6,\"top\":2},\"productDetailUris\":[],\"progressBar\":null,\"rank\":null,\"rdsFillTab\":null,\"rdsImageTab\":null,\"rdsTextTab\":null,\"recyclerView\":null,\"size\":{\"height\":20,\"weight\":0,\"width\":-2},\"starRating\":null,\"text\":null,\"verticalScroll\":null},\"type\":\"H_STACK\",\"widgetType\":null}],\"logging\":{\"adLog\":{\"clickLogUri\":\"https://mercury.coupang.com/e.gif?r=78fd3610-407f-11f0-84fd-1489804ddb7f%7E3\u0026korePlacement=16\u0026koreSubPlacement=6\u0026templateId=3886\",\"eventId\":\"78fd3610-407f-11f0-84fd-1489804ddb7f\",\"impressionLogUri\":\"https://mercury.coupang.com/e.gif?r=78fd3610-407f-11f0-84fd-1489804ddb7f%7E1\u0026korePlacement=16\u0026koreSubPlacement=6\u0026templateId=3886\",\"skipViewImpression\":\"\",\"viewImpression\":\"https://mercury.coupang.com/e.gif?r=78fd3610-407f-11f0-84fd-1489804ddb7f%7E2\u0026korePlacement=16\u0026templateId=3886\"},\"bypass\":{\"clickReferrer\":\"\",\"clickSchemas\":[{\"extra\":{},\"id\":\"2959\",\"mandatory\":{\"logType\":\"click\",\"eventId\":\"78fd3610-407f-11f0-84fd-1489804ddb7f\",\"rawBeacon\":\"https://mercury.coupang.com/e.gif?r=78fd3610-407f-11f0-84fd-1489804ddb7f%7E3\u0026korePlacement=16\u0026koreSubPlacement=6\u0026templateId=3886\",\"productId\":\"418313\",\"vendorItemId\":\"75423051822\",\"query\":\"일본과자\",\"channel\":\"recent\",\"pageName\":\"srp\",\"itemId\":\"23773387183\",\"dcoTemplateId\":\"3886\",\"searchId\":\"afc562b78792054\",\"sourceType\":\"srp_feed_carousel_ads\",\"feedId\":\"db90a0b6e7264b7083b2c91805b2a97b\",\"domain\":\"srp\",\"eventName\":\"srp_bottom_carousel_click\",\"rank\":6,\"logCategory\":\"event\",\"contentType\":\"SRP\"},\"version\":\"3\"}],\"clicks\":[],\"exposure\":null,\"exposureSchema\":null,\"load\":null,\"loadSchema\":null},\"contribution\":null,\"sourceType\":\"srp_feed_carousel_ads\"},\"product\":true,\"property\":{\"action\":{\"data\":\"https://www.coupang.com/vp/products/418313?itemId=23773387183\u0026vendorItemId=75423051822\u0026sourceType=srp_feed_carousel_ads\u0026clickEventId=78fd3610-407f-11f0-84fd-1489804ddb7f\u0026korePlacement=16\u0026koreSubPlacement=6\u0026templateId=3886\",\"isSendProductLJClickLogging\":null,\"isSendProductUEClickLogging\":null,\"logging\":null,\"moreLink\":{},\"type\":\"MOVE_PAGE\"},\"align\":[],\"backgroundColor\":null,\"border\":null,\"condition\":null,\"cornerRadius\":null,\"customAttribute\":null,\"externalDataSource\":null,\"extra\":null,\"generateTabItemFromFeed\":null,\"gravity\":[],\"horizontalScroll\":false,\"image\":null,\"imageSlideProperty\":null,\"images\":[],\"indicator\":null,\"interaction\":null,\"isFlexible\":null,\"isNonCarousel\":null,\"isRecyclerView\":null,\"margin\":{\"bottom\":10,\"left\":10,\"right\":0,\"top\":10},\"maxFilteredProductIndexesInTabItem\":null,\"minFilteredProductIndexesInTabItem\":null,\"miniSdpImageTab\":null,\"option\":null,\"optionGroups\":null,\"padding\":{\"bottom\":5,\"left\":5,\"right\":0,\"top\":5},\"productDetailUris\":[],\"progressBar\":null,\"rank\":null,\"rdsFillTab\":null,\"rdsImageTab\":null,\"rdsTextTab\":null,\"recyclerView\":null,\"size\":{\"height\":-2,\"weight\":0,\"width\":-2},\"starRating\":null,\"text\":null,\"verticalScroll\":null},\"type\":\"V_STACK\",\"widgetType\":null}],\"logging\":null,\"product\":null,\"property\":{\"action\":null,\"align\":[],\"backgroundColor\":null,\"border\":null,\"condition\":null,\"cornerRadius\":null,\"customAttribute\":null,\"externalDataSource\":null,\"extra\":null,\"generateTabItemFromFeed\":null,\"gravity\":[],\"horizontalScroll\":false,\"image\":null,\"imageSlideProperty\":null,\"images\":[],\"indicator\":null,\"interaction\":null,\"isFlexible\":null,\"isNonCarousel\":null,\"isRecyclerView\":null,\"margin\":{\"bottom\":0,\"left\":0,\"right\":10,\"top\":0},\"maxFilteredProductIndexesInTabItem\":null,\"minFilteredProductIndexesInTabItem\":null,\"miniSdpImageTab\":null,\"option\":null,\"optionGroups\":null,\"padding\":{\"bottom\":16,\"left\":0,\"right\":0,\"top\":0},\"productDetailUris\":[],\"progressBar\":null,\"rank\":null,\"rdsFillTab\":null,\"rdsImageTab\":null,\"rdsTextTab\":null,\"recyclerView\":null,\"size\":{\"height\":-2,\"weight\":0,\"width\":178},\"starRating\":null,\"text\":null,\"verticalScroll\":null},\"type\":\"H_STACK\",\"widgetType\":null},{\"_summary\":null,\"dataParts\":null,\"items\":[{\"_summary\":null,\"dataParts\":null,\"items\":[{\"_summary\":null,\"dataParts\":null,\"items\":[{\"_summary\":null,\"dataParts\":\"MAIN_IMAGE\",\"items\":[],\"logging\":null,\"product\":null,\"property\":{\"action\":null,\"align\":[],\"backgroundColor\":null,\"border\":null,\"condition\":null,\"cornerRadius\":null,\"customAttribute\":null,\"externalDataSource\":null,\"extra\":null,\"generateTabItemFromFeed\":null,\"gravity\":[],\"horizontalScroll\":false,\"image\":{\"duration\":null,\"scaleType\":null,\"size\":{\"height\":158,\"weight\":0,\"width\":158},\"ttiKey\":null,\"path\":\"https://thumbnail1.coupangcdn.com/thumbnails/remote/292x292q65ex/image/vendor_inventory/5c3b/5345b70a88c0c50fdcbb8595e8ab3ed806375903279866e3f1808b9f65ea.png\"},\"imageSlideProperty\":null,\"images\":[],\"indicator\":null,\"interaction\":null,\"isFlexible\":null,\"isNonCarousel\":null,\"isRecyclerView\":null,\"margin\":{\"bottom\":4,\"left\":0,\"right\":0,\"top\":0},\"maxFilteredProductIndexesInTabItem\":null,\"minFilteredProductIndexesInTabItem\":null,\"miniSdpImageTab\":null,\"option\":null,\"optionGroups\":null,\"padding\":null,\"productDetailUris\":[],\"progressBar\":null,\"rank\":null,\"rdsFillTab\":null,\"rdsImageTab\":null,\"rdsTextTab\":null,\"recyclerView\":null,\"size\":{\"height\":158,\"weight\":0,\"width\":158},\"starRating\":null,\"text\":null,\"verticalScroll\":null},\"type\":\"IMAGE\",\"widgetType\":null},{\"_summary\":null,\"dataParts\":\"FREE_SHIPPING\",\"items\":[],\"logging\":null,\"product\":null,\"property\":{\"action\":null,\"align\":[],\"backgroundColor\":null,\"border\":{\"color\":{\"alpha\":1,\"value\":\"\"},\"width\":0},\"condition\":null,\"cornerRadius\":{\"leftBottom\":0,\"leftTop\":0,\"rightBottom\":0,\"rightTop\":0},\"customAttribute\":null,\"externalDataSource\":null,\"extra\":null,\"generateTabItemFromFeed\":null,\"gravity\":[],\"horizontalScroll\":false,\"image\":null,\"imageSlideProperty\":null,\"images\":[],\"indicator\":null,\"interaction\":null,\"isFlexible\":null,\"isNonCarousel\":null,\"isRecyclerView\":null,\"margin\":{\"bottom\":0,\"left\":0,\"right\":0,\"top\":4},\"maxFilteredProductIndexesInTabItem\":null,\"minFilteredProductIndexesInTabItem\":null,\"miniSdpImageTab\":null,\"option\":null,\"optionGroups\":null,\"padding\":{\"bottom\":0,\"left\":0,\"right\":0,\"top\":0},\"productDetailUris\":[],\"progressBar\":null,\"rank\":null,\"rdsFillTab\":null,\"rdsImageTab\":null,\"rdsTextTab\":null,\"recyclerView\":null,\"size\":{\"height\":-2,\"weight\":0,\"width\":-2},\"starRating\":null,\"text\":{\"adjustLineHeight\":false,\"maxLines\":1,\"overrideSize\":null,\"overrideSystemFont\":null,\"textItems\":[{\"backgroundColor\":null,\"bold\":false,\"color\":{\"alpha\":1,\"value\":\"#454F5B\"},\"maxFontScale\":2,\"size\":12,\"strikethrough\":false,\"systemFontSize\":null,\"text\":\"무료배송\"}]},\"verticalScroll\":null},\"type\":\"LABEL\",\"widgetType\":null}],\"logging\":null,\"product\":null,\"property\":{\"action\":null,\"align\":[],\"backgroundColor\":null,\"border\":null,\"condition\":null,\"cornerRadius\":null,\"customAttribute\":null,\"externalDataSource\":null,\"extra\":null,\"generateTabItemFromFeed\":null,\"gravity\":[],\"horizontalScroll\":false,\"image\":null,\"imageSlideProperty\":null,\"images\":[],\"indicator\":null,\"interaction\":null,\"isFlexible\":null,\"isNonCarousel\":null,\"isRecyclerView\":null,\"margin\":{\"bottom\":4,\"left\":0,\"right\":0,\"top\":0},\"maxFilteredProductIndexesInTabItem\":null,\"minFilteredProductIndexesInTabItem\":null,\"miniSdpImageTab\":null,\"option\":null,\"optionGroups\":null,\"padding\":null,\"productDetailUris\":[],\"progressBar\":null,\"rank\":null,\"rdsFillTab\":null,\"rdsImageTab\":null,\"rdsTextTab\":null,\"recyclerView\":null,\"size\":{\"height\":186,\"weight\":0,\"width\":-2},\"starRating\":null,\"text\":null,\"verticalScroll\":null},\"type\":\"V_STACK\",\"widgetType\":null},{\"_summary\":null,\"dataParts\":\"PRODUCT_TITLE\",\"items\":[],\"logging\":null,\"product\":null,\"property\":{\"action\":null,\"align\":[],\"backgroundColor\":null,\"border\":null,\"condition\":null,\"cornerRadius\":null,\"customAttribute\":null,\"externalDataSource\":null,\"extra\":null,\"generateTabItemFromFeed\":null,\"gravity\":[],\"horizontalScroll\":false,\"image\":null,\"imageSlideProperty\":null,\"images\":[],\"indicator\":null,\"interaction\":null,\"isFlexible\":null,\"isNonCarousel\":null,\"isRecyclerView\":null,\"margin\":{\"bottom\":6,\"left\":0,\"right\":0,\"top\":0},\"maxFilteredProductIndexesInTabItem\":null,\"minFilteredProductIndexesInTabItem\":null,\"miniSdpImageTab\":null,\"option\":null,\"optionGroups\":null,\"padding\":null,\"productDetailUris\":[],\"progressBar\":null,\"rank\":null,\"rdsFillTab\":null,\"rdsImageTab\":null,\"rdsTextTab\":null,\"recyclerView\":null,\"size\":{\"height\":-2,\"weight\":0,\"width\":-1},\"starRating\":null,\"text\":{\"adjustLineHeight\":false,\"maxLines\":3,\"overrideSize\":null,\"overrideSystemFont\":null,\"textItems\":[{\"backgroundColor\":null,\"bold\":false,\"color\":{\"alpha\":1,\"value\":\"#212B36\"},\"maxFontScale\":2,\"size\":14,\"strikethrough\":false,\"systemFontSize\":null,\"text\":\"청국장 과자 꼬미콩 국내산 동결건조 발효콩 간식 부모님 사무실 어린이 건강 간식, 10개, 30g\"}]},\"verticalScroll\":null},\"type\":\"LABEL\",\"widgetType\":null},{\"_summary\":null,\"dataParts\":\"DISCOUNT_RATE\",\"items\":[{\"_summary\":null,\"dataParts\":\"DISCOUNT_RATE\",\"items\":[],\"logging\":null,\"product\":null,\"property\":{\"action\":null,\"align\":[],\"backgroundColor\":null,\"border\":null,\"condition\":null,\"cornerRadius\":null,\"customAttribute\":null,\"externalDataSource\":null,\"extra\":null,\"generateTabItemFromFeed\":null,\"gravity\":[],\"horizontalScroll\":false,\"image\":null,\"imageSlideProperty\":null,\"images\":[],\"indicator\":null,\"interaction\":null,\"isFlexible\":null,\"isNonCarousel\":null,\"isRecyclerView\":null,\"margin\":{\"bottom\":0,\"left\":0,\"right\":2,\"top\":0},\"maxFilteredProductIndexesInTabItem\":null,\"minFilteredProductIndexesInTabItem\":null,\"miniSdpImageTab\":null,\"option\":null,\"optionGroups\":null,\"padding\":null,\"productDetailUris\":[],\"progressBar\":null,\"rank\":null,\"rdsFillTab\":null,\"rdsImageTab\":null,\"rdsTextTab\":null,\"recyclerView\":null,\"size\":{\"height\":-2,\"weight\":0,\"width\":-2},\"starRating\":null,\"text\":{\"adjustLineHeight\":false,\"maxLines\":0,\"overrideSize\":null,\"overrideSystemFont\":null,\"textItems\":[{\"backgroundColor\":null,\"bold\":false,\"color\":{\"alpha\":1,\"value\":\"#768695\"},\"maxFontScale\":2,\"size\":12,\"strikethrough\":false,\"systemFontSize\":null,\"text\":\"33%\"}]},\"verticalScroll\":null},\"type\":\"LABEL\",\"widgetType\":null},{\"_summary\":null,\"dataParts\":\"ORIGINAL_PRICE\",\"items\":[],\"logging\":null,\"product\":null,\"property\":{\"action\":null,\"align\":[],\"backgroundColor\":null,\"border\":null,\"condition\":null,\"cornerRadius\":null,\"customAttribute\":null,\"externalDataSource\":null,\"extra\":null,\"generateTabItemFromFeed\":null,\"gravity\":[],\"horizontalScroll\":false,\"image\":null,\"imageSlideProperty\":null,\"images\":[],\"indicator\":null,\"interaction\":null,\"isFlexible\":null,\"isNonCarousel\":null,\"isRecyclerView\":null,\"margin\":{\"bottom\":0,\"left\":0,\"right\":4,\"top\":0},\"maxFilteredProductIndexesInTabItem\":null,\"minFilteredProductIndexesInTabItem\":null,\"miniSdpImageTab\":null,\"option\":null,\"optionGroups\":null,\"padding\":null,\"productDetailUris\":[],\"progressBar\":null,\"rank\":null,\"rdsFillTab\":null,\"rdsImageTab\":null,\"rdsTextTab\":null,\"recyclerView\":null,\"size\":{\"height\":-2,\"weight\":0,\"width\":-2},\"starRating\":null,\"text\":{\"adjustLineHeight\":false,\"maxLines\":0,\"overrideSize\":null,\"overrideSystemFont\":null,\"textItems\":[{\"backgroundColor\":null,\"bold\":false,\"color\":{\"alpha\":1,\"value\":\"#768695\"},\"maxFontScale\":2,\"size\":12,\"strikethrough\":true,\"systemFontSize\":null,\"text\":\"30,000원\"}]},\"verticalScroll\":null},\"type\":\"LABEL\",\"widgetType\":null}],\"logging\":null,\"product\":null,\"property\":{\"action\":null,\"align\":[],\"backgroundColor\":null,\"border\":null,\"condition\":null,\"cornerRadius\":null,\"customAttribute\":null,\"externalDataSource\":null,\"extra\":null,\"generateTabItemFromFeed\":null,\"gravity\":[],\"horizontalScroll\":false,\"image\":null,\"imageSlideProperty\":null,\"images\":[],\"indicator\":null,\"interaction\":null,\"isFlexible\":null,\"isNonCarousel\":null,\"isRecyclerView\":null,\"margin\":null,\"maxFilteredProductIndexesInTabItem\":null,\"minFilteredProductIndexesInTabItem\":null,\"miniSdpImageTab\":null,\"option\":null,\"optionGroups\":null,\"padding\":null,\"productDetailUris\":[],\"progressBar\":null,\"rank\":null,\"rdsFillTab\":null,\"rdsImageTab\":null,\"rdsTextTab\":null,\"recyclerView\":null,\"size\":{\"height\":-2,\"weight\":0,\"width\":-2},\"starRating\":null,\"text\":null,\"verticalScroll\":null},\"type\":\"H_STACK\",\"widgetType\":null},{\"_summary\":null,\"dataParts\":null,\"items\":[{\"_summary\":null,\"dataParts\":\"PRICE\",\"items\":[],\"logging\":null,\"product\":null,\"property\":{\"action\":null,\"align\":[\"CENTER_VERTICAL\"],\"backgroundColor\":null,\"border\":null,\"condition\":null,\"cornerRadius\":null,\"customAttribute\":null,\"externalDataSource\":null,\"extra\":null,\"generateTabItemFromFeed\":null,\"gravity\":[],\"horizontalScroll\":false,\"image\":null,\"imageSlideProperty\":null,\"images\":[],\"indicator\":null,\"interaction\":null,\"isFlexible\":null,\"isNonCarousel\":null,\"isRecyclerView\":null,\"margin\":{\"bottom\":0,\"left\":0,\"right\":4,\"top\":0},\"maxFilteredProductIndexesInTabItem\":null,\"minFilteredProductIndexesInTabItem\":null,\"miniSdpImageTab\":null,\"option\":null,\"optionGroups\":null,\"padding\":null,\"productDetailUris\":[],\"progressBar\":null,\"rank\":null,\"rdsFillTab\":null,\"rdsImageTab\":null,\"rdsTextTab\":null,\"recyclerView\":null,\"size\":{\"height\":-2,\"weight\":0,\"width\":-2},\"starRating\":null,\"text\":{\"adjustLineHeight\":false,\"maxLines\":0,\"overrideSize\":null,\"overrideSystemFont\":null,\"textItems\":[{\"backgroundColor\":null,\"bold\":true,\"color\":{\"alpha\":1,\"value\":\"#CB1400\"},\"maxFontScale\":2,\"size\":16,\"strikethrough\":false,\"systemFontSize\":null,\"text\":\"19,950원\"}]},\"verticalScroll\":null},\"type\":\"LABEL\",\"widgetType\":null}],\"logging\":null,\"product\":null,\"property\":{\"action\":null,\"align\":[\"CENTER_VERTICAL\"],\"backgroundColor\":null,\"border\":null,\"condition\":null,\"cornerRadius\":null,\"customAttribute\":null,\"externalDataSource\":null,\"extra\":null,\"generateTabItemFromFeed\":null,\"gravity\":[],\"horizontalScroll\":false,\"image\":null,\"imageSlideProperty\":null,\"images\":[],\"indicator\":null,\"interaction\":null,\"isFlexible\":null,\"isNonCarousel\":null,\"isRecyclerView\":null,\"margin\":{\"bottom\":2,\"left\":0,\"right\":0,\"top\":0},\"maxFilteredProductIndexesInTabItem\":null,\"minFilteredProductIndexesInTabItem\":null,\"miniSdpImageTab\":null,\"option\":null,\"optionGroups\":null,\"padding\":null,\"productDetailUris\":[],\"progressBar\":null,\"rank\":null,\"rdsFillTab\":null,\"rdsImageTab\":null,\"rdsTextTab\":null,\"recyclerView\":null,\"size\":{\"height\":-2,\"weight\":0,\"width\":-2},\"starRating\":null,\"text\":null,\"verticalScroll\":null},\"type\":\"H_STACK\",\"widgetType\":null},{\"_summary\":null,\"dataParts\":\"UNIT_PRICE\",\"items\":[],\"logging\":null,\"product\":null,\"property\":{\"action\":null,\"align\":[],\"backgroundColor\":null,\"border\":null,\"condition\":null,\"cornerRadius\":null,\"customAttribute\":null,\"externalDataSource\":null,\"extra\":null,\"generateTabItemFromFeed\":null,\"gravity\":[],\"horizontalScroll\":false,\"image\":null,\"imageSlideProperty\":null,\"images\":[],\"indicator\":null,\"interaction\":null,\"isFlexible\":null,\"isNonCarousel\":null,\"isRecyclerView\":null,\"margin\":{\"bottom\":3,\"left\":0,\"right\":0,\"top\":0},\"maxFilteredProductIndexesInTabItem\":null,\"minFilteredProductIndexesInTabItem\":null,\"miniSdpImageTab\":null,\"option\":null,\"optionGroups\":null,\"padding\":null,\"productDetailUris\":[],\"progressBar\":null,\"rank\":null,\"rdsFillTab\":null,\"rdsImageTab\":null,\"rdsTextTab\":null,\"recyclerView\":null,\"size\":{\"height\":-2,\"weight\":0,\"width\":-2},\"starRating\":null,\"text\":{\"adjustLineHeight\":false,\"maxLines\":0,\"overrideSize\":null,\"overrideSystemFont\":null,\"textItems\":[{\"backgroundColor\":null,\"bold\":false,\"color\":{\"alpha\":1,\"value\":\"#CB1400\"},\"maxFontScale\":2,\"size\":11,\"strikethrough\":false,\"systemFontSize\":null,\"text\":\"(10g당 665원)\"}]},\"verticalScroll\":null},\"type\":\"LABEL\",\"widgetType\":null},{\"_summary\":null,\"dataParts\":null,\"items\":[],\"logging\":null,\"product\":null,\"property\":{\"action\":null,\"align\":[],\"backgroundColor\":null,\"border\":null,\"condition\":null,\"cornerRadius\":null,\"customAttribute\":null,\"externalDataSource\":null,\"extra\":null,\"generateTabItemFromFeed\":null,\"gravity\":[],\"horizontalScroll\":false,\"image\":null,\"imageSlideProperty\":null,\"images\":[],\"indicator\":null,\"interaction\":null,\"isFlexible\":null,\"isNonCarousel\":null,\"isRecyclerView\":null,\"margin\":null,\"maxFilteredProductIndexesInTabItem\":null,\"minFilteredProductIndexesInTabItem\":null,\"miniSdpImageTab\":null,\"option\":null,\"optionGroups\":null,\"padding\":null,\"productDetailUris\":[],\"progressBar\":null,\"rank\":null,\"rdsFillTab\":null,\"rdsImageTab\":null,\"rdsTextTab\":null,\"recyclerView\":null,\"size\":{\"height\":-2,\"weight\":0,\"width\":-2},\"starRating\":null,\"text\":null,\"verticalScroll\":null},\"type\":\"V_STACK\",\"widgetType\":null},{\"_summary\":null,\"dataParts\":\"PROMISED_DELIVERY_DATE\",\"items\":[],\"logging\":null,\"product\":null,\"property\":{\"action\":null,\"align\":[],\"backgroundColor\":null,\"border\":null,\"condition\":null,\"cornerRadius\":null,\"customAttribute\":null,\"externalDataSource\":null,\"extra\":null,\"generateTabItemFromFeed\":null,\"gravity\":[],\"horizontalScroll\":false,\"image\":null,\"imageSlideProperty\":null,\"images\":[],\"indicator\":null,\"interaction\":null,\"isFlexible\":null,\"isNonCarousel\":null,\"isRecyclerView\":null,\"margin\":{\"bottom\":6,\"left\":0,\"right\":0,\"top\":3},\"maxFilteredProductIndexesInTabItem\":null,\"minFilteredProductIndexesInTabItem\":null,\"miniSdpImageTab\":null,\"option\":null,\"optionGroups\":null,\"padding\":null,\"productDetailUris\":[],\"progressBar\":null,\"rank\":null,\"rdsFillTab\":null,\"rdsImageTab\":null,\"rdsTextTab\":null,\"recyclerView\":null,\"size\":{\"height\":-2,\"weight\":0,\"width\":-2},\"starRating\":null,\"text\":{\"adjustLineHeight\":false,\"maxLines\":0,\"overrideSize\":14,\"overrideSystemFont\":null,\"textItems\":[{\"backgroundColor\":null,\"bold\":false,\"color\":{\"alpha\":1,\"value\":\"#212B36\"},\"maxFontScale\":2,\"size\":14,\"strikethrough\":false,\"systemFontSize\":null,\"text\":\"6/7(토) \"},{\"backgroundColor\":null,\"bold\":false,\"color\":{\"alpha\":1,\"value\":\"#212B36\"},\"maxFontScale\":2,\"size\":14,\"strikethrough\":false,\"systemFontSize\":null,\"text\":\"도착 예정\"}]},\"verticalScroll\":null},\"type\":\"LABEL\",\"widgetType\":null},{\"_summary\":null,\"dataParts\":null,\"items\":[{\"_summary\":null,\"dataParts\":\"STAR_RATING\",\"items\":[],\"logging\":null,\"product\":null,\"property\":{\"action\":null,\"align\":[\"CENTER_VERTICAL\"],\"backgroundColor\":null,\"border\":null,\"condition\":null,\"cornerRadius\":null,\"customAttribute\":null,\"externalDataSource\":null,\"extra\":null,\"generateTabItemFromFeed\":null,\"gravity\":[],\"horizontalScroll\":false,\"image\":null,\"imageSlideProperty\":null,\"images\":[],\"indicator\":null,\"interaction\":null,\"isFlexible\":null,\"isNonCarousel\":null,\"isRecyclerView\":null,\"margin\":{\"bottom\":0,\"left\":0,\"right\":4,\"top\":0},\"maxFilteredProductIndexesInTabItem\":null,\"minFilteredProductIndexesInTabItem\":null,\"miniSdpImageTab\":null,\"option\":null,\"optionGroups\":null,\"padding\":null,\"productDetailUris\":[],\"progressBar\":null,\"rank\":null,\"rdsFillTab\":null,\"rdsImageTab\":null,\"rdsTextTab\":null,\"recyclerView\":null,\"size\":{\"height\":-2,\"weight\":0,\"width\":-2},\"starRating\":{\"rating\":4.5,\"style\":\"SMALL\"},\"text\":null,\"verticalScroll\":null},\"type\":\"STAR_RATING\",\"widgetType\":null},{\"_summary\":null,\"dataParts\":\"STAR_RATING_COUNT\",\"items\":[],\"logging\":null,\"product\":null,\"property\":{\"action\":null,\"align\":[\"CENTER_VERTICAL\"],\"backgroundColor\":{\"alpha\":1,\"value\":\"\"},\"border\":null,\"condition\":null,\"cornerRadius\":null,\"customAttribute\":null,\"externalDataSource\":null,\"extra\":null,\"generateTabItemFromFeed\":null,\"gravity\":[\"CENTER_VERTICAL\"],\"horizontalScroll\":false,\"image\":null,\"imageSlideProperty\":null,\"images\":[],\"indicator\":null,\"interaction\":null,\"isFlexible\":null,\"isNonCarousel\":null,\"isRecyclerView\":null,\"margin\":{\"bottom\":0,\"left\":0,\"right\":0,\"top\":0},\"maxFilteredProductIndexesInTabItem\":null,\"minFilteredProductIndexesInTabItem\":null,\"miniSdpImageTab\":null,\"option\":null,\"optionGroups\":null,\"padding\":null,\"productDetailUris\":[],\"progressBar\":null,\"rank\":null,\"rdsFillTab\":null,\"rdsImageTab\":null,\"rdsTextTab\":null,\"recyclerView\":null,\"size\":{\"height\":-2,\"weight\":0,\"width\":-2},\"starRating\":null,\"text\":{\"adjustLineHeight\":false,\"maxLines\":0,\"overrideSize\":null,\"overrideSystemFont\":null,\"textItems\":[{\"backgroundColor\":null,\"bold\":false,\"color\":{\"alpha\":1,\"value\":\"#768695\"},\"maxFontScale\":2,\"size\":12,\"strikethrough\":false,\"systemFontSize\":null,\"text\":\"(154)\"}]},\"verticalScroll\":null},\"type\":\"LABEL\",\"widgetType\":null}],\"logging\":null,\"product\":null,\"property\":{\"action\":null,\"align\":[\"CENTER_VERTICAL\"],\"backgroundColor\":null,\"border\":null,\"condition\":null,\"cornerRadius\":null,\"customAttribute\":null,\"externalDataSource\":null,\"extra\":null,\"generateTabItemFromFeed\":null,\"gravity\":[],\"horizontalScroll\":false,\"image\":null,\"imageSlideProperty\":null,\"images\":[],\"indicator\":null,\"interaction\":null,\"isFlexible\":null,\"isNonCarousel\":null,\"isRecyclerView\":null,\"margin\":{\"bottom\":8,\"left\":0,\"right\":0,\"top\":0},\"maxFilteredProductIndexesInTabItem\":null,\"minFilteredProductIndexesInTabItem\":null,\"miniSdpImageTab\":null,\"option\":null,\"optionGroups\":null,\"padding\":null,\"productDetailUris\":[],\"progressBar\":null,\"rank\":null,\"rdsFillTab\":null,\"rdsImageTab\":null,\"rdsTextTab\":null,\"recyclerView\":null,\"size\":{\"height\":-2,\"weight\":0,\"width\":-2},\"starRating\":null,\"text\":null,\"verticalScroll\":null},\"type\":\"H_STACK\",\"widgetType\":null},{\"_summary\":null,\"dataParts\":\"ROCKET_CASH_REWARD\",\"items\":[{\"_summary\":null,\"dataParts\":null,\"items\":[],\"logging\":null,\"product\":null,\"property\":{\"action\":null,\"align\":[\"CENTER_VERTICAL\"],\"backgroundColor\":null,\"border\":null,\"condition\":null,\"cornerRadius\":null,\"customAttribute\":null,\"externalDataSource\":null,\"extra\":null,\"generateTabItemFromFeed\":null,\"gravity\":[],\"horizontalScroll\":false,\"image\":{\"duration\":null,\"scaleType\":null,\"size\":{\"height\":-2,\"weight\":0,\"width\":-2},\"ttiKey\":null,\"path\":\"http://image1.coupangcdn.com/image/badges/cashback/aos/xxxhdpi/list_cash_icon.png\"},\"imageSlideProperty\":null,\"images\":[],\"indicator\":null,\"interaction\":null,\"isFlexible\":null,\"isNonCarousel\":null,\"isRecyclerView\":null,\"margin\":{\"bottom\":0,\"left\":0,\"right\":4,\"top\":1},\"maxFilteredProductIndexesInTabItem\":null,\"minFilteredProductIndexesInTabItem\":null,\"miniSdpImageTab\":null,\"option\":null,\"optionGroups\":null,\"padding\":null,\"productDetailUris\":[],\"progressBar\":null,\"rank\":null,\"rdsFillTab\":null,\"rdsImageTab\":null,\"rdsTextTab\":null,\"recyclerView\":null,\"size\":{\"height\":12,\"weight\":0,\"width\":-2},\"starRating\":null,\"text\":null,\"verticalScroll\":null},\"type\":\"IMAGE\",\"widgetType\":null},{\"_summary\":null,\"dataParts\":null,\"items\":[],\"logging\":null,\"product\":null,\"property\":{\"action\":null,\"align\":[\"CENTER_VERTICAL\"],\"backgroundColor\":null,\"border\":null,\"condition\":null,\"cornerRadius\":null,\"customAttribute\":null,\"externalDataSource\":null,\"extra\":null,\"generateTabItemFromFeed\":null,\"gravity\":[],\"horizontalScroll\":false,\"image\":null,\"imageSlideProperty\":null,\"images\":[],\"indicator\":null,\"interaction\":null,\"isFlexible\":null,\"isNonCarousel\":null,\"isRecyclerView\":null,\"margin\":{\"bottom\":1,\"left\":0,\"right\":0,\"top\":0},\"maxFilteredProductIndexesInTabItem\":null,\"minFilteredProductIndexesInTabItem\":null,\"miniSdpImageTab\":null,\"option\":null,\"optionGroups\":null,\"padding\":{\"bottom\":0,\"left\":0,\"right\":0,\"top\":0},\"productDetailUris\":[],\"progressBar\":null,\"rank\":null,\"rdsFillTab\":null,\"rdsImageTab\":null,\"rdsTextTab\":null,\"recyclerView\":null,\"size\":{\"height\":-2,\"weight\":0,\"width\":-2},\"starRating\":null,\"text\":{\"adjustLineHeight\":false,\"maxLines\":0,\"overrideSize\":null,\"overrideSystemFont\":null,\"textItems\":[{\"backgroundColor\":null,\"bold\":true,\"color\":{\"alpha\":1,\"value\":\"#454F5B\"},\"maxFontScale\":2,\"size\":12,\"strikethrough\":false,\"systemFontSize\":null,\"text\":\"최대 998원 적립\"}]},\"verticalScroll\":null},\"type\":\"LABEL\",\"widgetType\":null}],\"logging\":null,\"product\":null,\"property\":{\"action\":null,\"align\":[\"CENTER_VERTICAL\",\"LEFT\"],\"backgroundColor\":{\"alpha\":1,\"value\":\"#F1F4F6\"},\"border\":null,\"condition\":null,\"cornerRadius\":{\"leftBottom\":4,\"leftTop\":4,\"rightBottom\":4,\"rightTop\":4},\"customAttribute\":{\"width\":\"max-content\"},\"externalDataSource\":null,\"extra\":null,\"generateTabItemFromFeed\":null,\"gravity\":[],\"horizontalScroll\":false,\"image\":null,\"imageSlideProperty\":null,\"images\":[],\"indicator\":null,\"interaction\":null,\"isFlexible\":null,\"isNonCarousel\":null,\"isRecyclerView\":null,\"margin\":null,\"maxFilteredProductIndexesInTabItem\":null,\"minFilteredProductIndexesInTabItem\":null,\"miniSdpImageTab\":null,\"option\":null,\"optionGroups\":null,\"padding\":{\"bottom\":2,\"left\":6,\"right\":6,\"top\":2},\"productDetailUris\":[],\"progressBar\":null,\"rank\":null,\"rdsFillTab\":null,\"rdsImageTab\":null,\"rdsTextTab\":null,\"recyclerView\":null,\"size\":{\"height\":20,\"weight\":0,\"width\":-2},\"starRating\":null,\"text\":null,\"verticalScroll\":null},\"type\":\"H_STACK\",\"widgetType\":null}],\"logging\":{\"adLog\":{\"clickLogUri\":\"https://mercury.coupang.com/e.gif?r=78fd3610-407f-11f0-8674-4a4a0dd5ae35%7E3\u0026korePlacement=16\u0026koreSubPlacement=7\u0026templateId=3886\",\"eventId\":\"78fd3610-407f-11f0-8674-4a4a0dd5ae35\",\"impressionLogUri\":\"https://mercury.coupang.com/e.gif?r=78fd3610-407f-11f0-8674-4a4a0dd5ae35%7E1\u0026korePlacement=16\u0026koreSubPlacement=7\u0026templateId=3886\",\"skipViewImpression\":\"\",\"viewImpression\":\"https://mercury.coupang.com/e.gif?r=78fd3610-407f-11f0-8674-4a4a0dd5ae35%7E2\u0026korePlacement=16\u0026templateId=3886\"},\"bypass\":{\"clickReferrer\":\"\",\"clickSchemas\":[{\"extra\":{},\"id\":\"2959\",\"mandatory\":{\"logType\":\"click\",\"eventId\":\"78fd3610-407f-11f0-8674-4a4a0dd5ae35\",\"rawBeacon\":\"https://mercury.coupang.com/e.gif?r=78fd3610-407f-11f0-8674-4a4a0dd5ae35%7E3\u0026korePlacement=16\u0026koreSubPlacement=7\u0026templateId=3886\",\"productId\":\"8178376486\",\"vendorItemId\":\"90407051616\",\"query\":\"일본과자\",\"channel\":\"recent\",\"pageName\":\"srp\",\"itemId\":\"23376949631\",\"dcoTemplateId\":\"3886\",\"searchId\":\"afc562b78792054\",\"sourceType\":\"srp_feed_carousel_ads\",\"feedId\":\"db90a0b6e7264b7083b2c91805b2a97b\",\"domain\":\"srp\",\"eventName\":\"srp_bottom_carousel_click\",\"rank\":7,\"logCategory\":\"event\",\"contentType\":\"SRP\"},\"version\":\"3\"}],\"clicks\":[],\"exposure\":null,\"exposureSchema\":null,\"load\":null,\"loadSchema\":null},\"contribution\":null,\"sourceType\":\"srp_feed_carousel_ads\"},\"product\":true,\"property\":{\"action\":{\"data\":\"https://www.coupang.com/vp/products/8178376486?itemId=23376949631\u0026vendorItemId=90407051616\u0026sourceType=srp_feed_carousel_ads\u0026clickEventId=78fd3610-407f-11f0-8674-4a4a0dd5ae35\u0026korePlacement=16\u0026koreSubPlacement=7\u0026templateId=3886\",\"isSendProductLJClickLogging\":null,\"isSendProductUEClickLogging\":null,\"logging\":null,\"moreLink\":{},\"type\":\"MOVE_PAGE\"},\"align\":[],\"backgroundColor\":null,\"border\":null,\"condition\":null,\"cornerRadius\":null,\"customAttribute\":null,\"externalDataSource\":null,\"extra\":null,\"generateTabItemFromFeed\":null,\"gravity\":[],\"horizontalScroll\":false,\"image\":null,\"imageSlideProperty\":null,\"images\":[],\"indicator\":null,\"interaction\":null,\"isFlexible\":null,\"isNonCarousel\":null,\"isRecyclerView\":null,\"margin\":{\"bottom\":10,\"left\":10,\"right\":0,\"top\":10},\"maxFilteredProductIndexesInTabItem\":null,\"minFilteredProductIndexesInTabItem\":null,\"miniSdpImageTab\":null,\"option\":null,\"optionGroups\":null,\"padding\":{\"bottom\":5,\"left\":5,\"right\":0,\"top\":5},\"productDetailUris\":[],\"progressBar\":null,\"rank\":null,\"rdsFillTab\":null,\"rdsImageTab\":null,\"rdsTextTab\":null,\"recyclerView\":null,\"size\":{\"height\":-2,\"weight\":0,\"width\":-2},\"starRating\":null,\"text\":null,\"verticalScroll\":null},\"type\":\"V_STACK\",\"widgetType\":null}],\"logging\":null,\"product\":null,\"property\":{\"action\":null,\"align\":[],\"backgroundColor\":null,\"border\":null,\"condition\":null,\"cornerRadius\":null,\"customAttribute\":null,\"externalDataSource\":null,\"extra\":null,\"generateTabItemFromFeed\":null,\"gravity\":[],\"horizontalScroll\":false,\"image\":null,\"imageSlideProperty\":null,\"images\":[],\"indicator\":null,\"interaction\":null,\"isFlexible\":null,\"isNonCarousel\":null,\"isRecyclerView\":null,\"margin\":{\"bottom\":0,\"left\":0,\"right\":10,\"top\":0},\"maxFilteredProductIndexesInTabItem\":null,\"minFilteredProductIndexesInTabItem\":null,\"miniSdpImageTab\":null,\"option\":null,\"optionGroups\":null,\"padding\":{\"bottom\":16,\"left\":0,\"right\":0,\"top\":0},\"productDetailUris\":[],\"progressBar\":null,\"rank\":null,\"rdsFillTab\":null,\"rdsImageTab\":null,\"rdsTextTab\":null,\"recyclerView\":null,\"size\":{\"height\":-2,\"weight\":0,\"width\":178},\"starRating\":null,\"text\":null,\"verticalScroll\":null},\"type\":\"H_STACK\",\"widgetType\":null},{\"_summary\":null,\"dataParts\":null,\"items\":[{\"_summary\":null,\"dataParts\":null,\"items\":[{\"_summary\":null,\"dataParts\":null,\"items\":[{\"_summary\":null,\"dataParts\":\"MAIN_IMAGE\",\"items\":[],\"logging\":null,\"product\":null,\"property\":{\"action\":null,\"align\":[],\"backgroundColor\":null,\"border\":null,\"condition\":null,\"cornerRadius\":null,\"customAttribute\":null,\"externalDataSource\":null,\"extra\":null,\"generateTabItemFromFeed\":null,\"gravity\":[],\"horizontalScroll\":false,\"image\":{\"duration\":null,\"scaleType\":null,\"size\":{\"height\":158,\"weight\":0,\"width\":158},\"ttiKey\":null,\"path\":\"https://thumbnail9.coupangcdn.com/thumbnails/remote/292x292q65ex/image/vendor_inventory/81e9/855051586aecf4cdb86bbddb290f8a2540bc0e617cfa1d68779c28a52eb6.png\"},\"imageSlideProperty\":null,\"images\":[],\"indicator\":null,\"interaction\":null,\"isFlexible\":null,\"isNonCarousel\":null,\"isRecyclerView\":null,\"margin\":{\"bottom\":4,\"left\":0,\"right\":0,\"top\":0},\"maxFilteredProductIndexesInTabItem\":null,\"minFilteredProductIndexesInTabItem\":null,\"miniSdpImageTab\":null,\"option\":null,\"optionGroups\":null,\"padding\":null,\"productDetailUris\":[],\"progressBar\":null,\"rank\":null,\"rdsFillTab\":null,\"rdsImageTab\":null,\"rdsTextTab\":null,\"recyclerView\":null,\"size\":{\"height\":158,\"weight\":0,\"width\":158},\"starRating\":null,\"text\":null,\"verticalScroll\":null},\"type\":\"IMAGE\",\"widgetType\":null}],\"logging\":null,\"product\":null,\"property\":{\"action\":null,\"align\":[],\"backgroundColor\":null,\"border\":null,\"condition\":null,\"cornerRadius\":null,\"customAttribute\":null,\"externalDataSource\":null,\"extra\":null,\"generateTabItemFromFeed\":null,\"gravity\":[],\"horizontalScroll\":false,\"image\":null,\"imageSlideProperty\":null,\"images\":[],\"indicator\":null,\"interaction\":null,\"isFlexible\":null,\"isNonCarousel\":null,\"isRecyclerView\":null,\"margin\":{\"bottom\":4,\"left\":0,\"right\":0,\"top\":0},\"maxFilteredProductIndexesInTabItem\":null,\"minFilteredProductIndexesInTabItem\":null,\"miniSdpImageTab\":null,\"option\":null,\"optionGroups\":null,\"padding\":null,\"productDetailUris\":[],\"progressBar\":null,\"rank\":null,\"rdsFillTab\":null,\"rdsImageTab\":null,\"rdsTextTab\":null,\"recyclerView\":null,\"size\":{\"height\":186,\"weight\":0,\"width\":-2},\"starRating\":null,\"text\":null,\"verticalScroll\":null},\"type\":\"V_STACK\",\"widgetType\":null},{\"_summary\":null,\"dataParts\":\"PRODUCT_TITLE\",\"items\":[],\"logging\":null,\"product\":null,\"property\":{\"action\":null,\"align\":[],\"backgroundColor\":null,\"border\":null,\"condition\":null,\"cornerRadius\":null,\"customAttribute\":null,\"externalDataSource\":null,\"extra\":null,\"generateTabItemFromFeed\":null,\"gravity\":[],\"horizontalScroll\":false,\"image\":null,\"imageSlideProperty\":null,\"images\":[],\"indicator\":null,\"interaction\":null,\"isFlexible\":null,\"isNonCarousel\":null,\"isRecyclerView\":null,\"margin\":{\"bottom\":6,\"left\":0,\"right\":0,\"top\":0},\"maxFilteredProductIndexesInTabItem\":null,\"minFilteredProductIndexesInTabItem\":null,\"miniSdpImageTab\":null,\"option\":null,\"optionGroups\":null,\"padding\":null,\"productDetailUris\":[],\"progressBar\":null,\"rank\":null,\"rdsFillTab\":null,\"rdsImageTab\":null,\"rdsTextTab\":null,\"recyclerView\":null,\"size\":{\"height\":-2,\"weight\":0,\"width\":-1},\"starRating\":null,\"text\":{\"adjustLineHeight\":false,\"maxLines\":3,\"overrideSize\":null,\"overrideSystemFont\":null,\"textItems\":[{\"backgroundColor\":null,\"bold\":false,\"color\":{\"alpha\":1,\"value\":\"#212B36\"},\"maxFontScale\":2,\"size\":14,\"strikethrough\":false,\"systemFontSize\":null,\"text\":\"카메다 포타포타야키 113.7g, 1개\"}]},\"verticalScroll\":null},\"type\":\"LABEL\",\"widgetType\":null},{\"_summary\":null,\"dataParts\":null,\"items\":[{\"_summary\":null,\"dataParts\":\"PRICE\",\"items\":[],\"logging\":null,\"product\":null,\"property\":{\"action\":null,\"align\":[\"CENTER_VERTICAL\"],\"backgroundColor\":null,\"border\":null,\"condition\":null,\"cornerRadius\":null,\"customAttribute\":null,\"externalDataSource\":null,\"extra\":null,\"generateTabItemFromFeed\":null,\"gravity\":[],\"horizontalScroll\":false,\"image\":null,\"imageSlideProperty\":null,\"images\":[],\"indicator\":null,\"interaction\":null,\"isFlexible\":null,\"isNonCarousel\":null,\"isRecyclerView\":null,\"margin\":{\"bottom\":0,\"left\":0,\"right\":4,\"top\":0},\"maxFilteredProductIndexesInTabItem\":null,\"minFilteredProductIndexesInTabItem\":null,\"miniSdpImageTab\":null,\"option\":null,\"optionGroups\":null,\"padding\":null,\"productDetailUris\":[],\"progressBar\":null,\"rank\":null,\"rdsFillTab\":null,\"rdsImageTab\":null,\"rdsTextTab\":null,\"recyclerView\":null,\"size\":{\"height\":-2,\"weight\":0,\"width\":-2},\"starRating\":null,\"text\":{\"adjustLineHeight\":false,\"maxLines\":0,\"overrideSize\":null,\"overrideSystemFont\":null,\"textItems\":[{\"backgroundColor\":null,\"bold\":true,\"color\":{\"alpha\":1,\"value\":\"#CB1400\"},\"maxFontScale\":2,\"size\":16,\"strikethrough\":false,\"systemFontSize\":null,\"text\":\"5,800원\"}]},\"verticalScroll\":null},\"type\":\"LABEL\",\"widgetType\":null}],\"logging\":null,\"product\":null,\"property\":{\"action\":null,\"align\":[\"CENTER_VERTICAL\"],\"backgroundColor\":null,\"border\":null,\"condition\":null,\"cornerRadius\":null,\"customAttribute\":null,\"externalDataSource\":null,\"extra\":null,\"generateTabItemFromFeed\":null,\"gravity\":[],\"horizontalScroll\":false,\"image\":null,\"imageSlideProperty\":null,\"images\":[],\"indicator\":null,\"interaction\":null,\"isFlexible\":null,\"isNonCarousel\":null,\"isRecyclerView\":null,\"margin\":{\"bottom\":2,\"left\":0,\"right\":0,\"top\":0},\"maxFilteredProductIndexesInTabItem\":null,\"minFilteredProductIndexesInTabItem\":null,\"miniSdpImageTab\":null,\"option\":null,\"optionGroups\":null,\"padding\":null,\"productDetailUris\":[],\"progressBar\":null,\"rank\":null,\"rdsFillTab\":null,\"rdsImageTab\":null,\"rdsTextTab\":null,\"recyclerView\":null,\"size\":{\"height\":-2,\"weight\":0,\"width\":-2},\"starRating\":null,\"text\":null,\"verticalScroll\":null},\"type\":\"H_STACK\",\"widgetType\":null},{\"_summary\":null,\"dataParts\":\"UNIT_PRICE\",\"items\":[],\"logging\":null,\"product\":null,\"property\":{\"action\":null,\"align\":[],\"backgroundColor\":null,\"border\":null,\"condition\":null,\"cornerRadius\":null,\"customAttribute\":null,\"externalDataSource\":null,\"extra\":null,\"generateTabItemFromFeed\":null,\"gravity\":[],\"horizontalScroll\":false,\"image\":null,\"imageSlideProperty\":null,\"images\":[],\"indicator\":null,\"interaction\":null,\"isFlexible\":null,\"isNonCarousel\":null,\"isRecyclerView\":null,\"margin\":{\"bottom\":3,\"left\":0,\"right\":0,\"top\":0},\"maxFilteredProductIndexesInTabItem\":null,\"minFilteredProductIndexesInTabItem\":null,\"miniSdpImageTab\":null,\"option\":null,\"optionGroups\":null,\"padding\":null,\"productDetailUris\":[],\"progressBar\":null,\"rank\":null,\"rdsFillTab\":null,\"rdsImageTab\":null,\"rdsTextTab\":null,\"recyclerView\":null,\"size\":{\"height\":-2,\"weight\":0,\"width\":-2},\"starRating\":null,\"text\":{\"adjustLineHeight\":false,\"maxLines\":0,\"overrideSize\":null,\"overrideSystemFont\":null,\"textItems\":[{\"backgroundColor\":null,\"bold\":false,\"color\":{\"alpha\":1,\"value\":\"#CB1400\"},\"maxFontScale\":2,\"size\":11,\"strikethrough\":false,\"systemFontSize\":null,\"text\":\"(10g당 510원)\"}]},\"verticalScroll\":null},\"type\":\"LABEL\",\"widgetType\":null},{\"_summary\":null,\"dataParts\":null,\"items\":[],\"logging\":null,\"product\":null,\"property\":{\"action\":null,\"align\":[],\"backgroundColor\":null,\"border\":null,\"condition\":null,\"cornerRadius\":null,\"customAttribute\":null,\"externalDataSource\":null,\"extra\":null,\"generateTabItemFromFeed\":null,\"gravity\":[],\"horizontalScroll\":false,\"image\":null,\"imageSlideProperty\":null,\"images\":[],\"indicator\":null,\"interaction\":null,\"isFlexible\":null,\"isNonCarousel\":null,\"isRecyclerView\":null,\"margin\":null,\"maxFilteredProductIndexesInTabItem\":null,\"minFilteredProductIndexesInTabItem\":null,\"miniSdpImageTab\":null,\"option\":null,\"optionGroups\":null,\"padding\":null,\"productDetailUris\":[],\"progressBar\":null,\"rank\":null,\"rdsFillTab\":null,\"rdsImageTab\":null,\"rdsTextTab\":null,\"recyclerView\":null,\"size\":{\"height\":-2,\"weight\":0,\"width\":-2},\"starRating\":null,\"text\":null,\"verticalScroll\":null},\"type\":\"V_STACK\",\"widgetType\":null},{\"_summary\":null,\"dataParts\":\"PROMISED_DELIVERY_DATE\",\"items\":[],\"logging\":null,\"product\":null,\"property\":{\"action\":null,\"align\":[],\"backgroundColor\":null,\"border\":null,\"condition\":null,\"cornerRadius\":null,\"customAttribute\":null,\"externalDataSource\":null,\"extra\":null,\"generateTabItemFromFeed\":null,\"gravity\":[],\"horizontalScroll\":false,\"image\":null,\"imageSlideProperty\":null,\"images\":[],\"indicator\":null,\"interaction\":null,\"isFlexible\":null,\"isNonCarousel\":null,\"isRecyclerView\":null,\"margin\":{\"bottom\":6,\"left\":0,\"right\":0,\"top\":3},\"maxFilteredProductIndexesInTabItem\":null,\"minFilteredProductIndexesInTabItem\":null,\"miniSdpImageTab\":null,\"option\":null,\"optionGroups\":null,\"padding\":null,\"productDetailUris\":[],\"progressBar\":null,\"rank\":null,\"rdsFillTab\":null,\"rdsImageTab\":null,\"rdsTextTab\":null,\"recyclerView\":null,\"size\":{\"height\":-2,\"weight\":0,\"width\":-2},\"starRating\":null,\"text\":{\"adjustLineHeight\":false,\"maxLines\":0,\"overrideSize\":14,\"overrideSystemFont\":null,\"textItems\":[{\"backgroundColor\":null,\"bold\":false,\"color\":{\"alpha\":1,\"value\":\"#212B36\"},\"maxFontScale\":2,\"size\":14,\"strikethrough\":false,\"systemFontSize\":null,\"text\":\"6/7(토) \"},{\"backgroundColor\":null,\"bold\":false,\"color\":{\"alpha\":1,\"value\":\"#212B36\"},\"maxFontScale\":2,\"size\":14,\"strikethrough\":false,\"systemFontSize\":null,\"text\":\"도착 예정\"}]},\"verticalScroll\":null},\"type\":\"LABEL\",\"widgetType\":null},{\"_summary\":null,\"dataParts\":null,\"items\":[{\"_summary\":null,\"dataParts\":\"STAR_RATING\",\"items\":[],\"logging\":null,\"product\":null,\"property\":{\"action\":null,\"align\":[\"CENTER_VERTICAL\"],\"backgroundColor\":null,\"border\":null,\"condition\":null,\"cornerRadius\":null,\"customAttribute\":null,\"externalDataSource\":null,\"extra\":null,\"generateTabItemFromFeed\":null,\"gravity\":[],\"horizontalScroll\":false,\"image\":null,\"imageSlideProperty\":null,\"images\":[],\"indicator\":null,\"interaction\":null,\"isFlexible\":null,\"isNonCarousel\":null,\"isRecyclerView\":null,\"margin\":{\"bottom\":0,\"left\":0,\"right\":4,\"top\":0},\"maxFilteredProductIndexesInTabItem\":null,\"minFilteredProductIndexesInTabItem\":null,\"miniSdpImageTab\":null,\"option\":null,\"optionGroups\":null,\"padding\":null,\"productDetailUris\":[],\"progressBar\":null,\"rank\":null,\"rdsFillTab\":null,\"rdsImageTab\":null,\"rdsTextTab\":null,\"recyclerView\":null,\"size\":{\"height\":-2,\"weight\":0,\"width\":-2},\"starRating\":{\"rating\":4.5,\"style\":\"SMALL\"},\"text\":null,\"verticalScroll\":null},\"type\":\"STAR_RATING\",\"widgetType\":null},{\"_summary\":null,\"dataParts\":\"STAR_RATING_COUNT\",\"items\":[],\"logging\":null,\"product\":null,\"property\":{\"action\":null,\"align\":[\"CENTER_VERTICAL\"],\"backgroundColor\":{\"alpha\":1,\"value\":\"\"},\"border\":null,\"condition\":null,\"cornerRadius\":null,\"customAttribute\":null,\"externalDataSource\":null,\"extra\":null,\"generateTabItemFromFeed\":null,\"gravity\":[\"CENTER_VERTICAL\"],\"horizontalScroll\":false,\"image\":null,\"imageSlideProperty\":null,\"images\":[],\"indicator\":null,\"interaction\":null,\"isFlexible\":null,\"isNonCarousel\":null,\"isRecyclerView\":null,\"margin\":{\"bottom\":0,\"left\":0,\"right\":0,\"top\":0},\"maxFilteredProductIndexesInTabItem\":null,\"minFilteredProductIndexesInTabItem\":null,\"miniSdpImageTab\":null,\"option\":null,\"optionGroups\":null,\"padding\":null,\"productDetailUris\":[],\"progressBar\":null,\"rank\":null,\"rdsFillTab\":null,\"rdsImageTab\":null,\"rdsTextTab\":null,\"recyclerView\":null,\"size\":{\"height\":-2,\"weight\":0,\"width\":-2},\"starRating\":null,\"text\":{\"adjustLineHeight\":false,\"maxLines\":0,\"overrideSize\":null,\"overrideSystemFont\":null,\"textItems\":[{\"backgroundColor\":null,\"bold\":false,\"color\":{\"alpha\":1,\"value\":\"#768695\"},\"maxFontScale\":2,\"size\":12,\"strikethrough\":false,\"systemFontSize\":null,\"text\":\"(294)\"}]},\"verticalScroll\":null},\"type\":\"LABEL\",\"widgetType\":null}],\"logging\":null,\"product\":null,\"property\":{\"action\":null,\"align\":[\"CENTER_VERTICAL\"],\"backgroundColor\":null,\"border\":null,\"condition\":null,\"cornerRadius\":null,\"customAttribute\":null,\"externalDataSource\":null,\"extra\":null,\"generateTabItemFromFeed\":null,\"gravity\":[],\"horizontalScroll\":false,\"image\":null,\"imageSlideProperty\":null,\"images\":[],\"indicator\":null,\"interaction\":null,\"isFlexible\":null,\"isNonCarousel\":null,\"isRecyclerView\":null,\"margin\":{\"bottom\":8,\"left\":0,\"right\":0,\"top\":0},\"maxFilteredProductIndexesInTabItem\":null,\"minFilteredProductIndexesInTabItem\":null,\"miniSdpImageTab\":null,\"option\":null,\"optionGroups\":null,\"padding\":null,\"productDetailUris\":[],\"progressBar\":null,\"rank\":null,\"rdsFillTab\":null,\"rdsImageTab\":null,\"rdsTextTab\":null,\"recyclerView\":null,\"size\":{\"height\":-2,\"weight\":0,\"width\":-2},\"starRating\":null,\"text\":null,\"verticalScroll\":null},\"type\":\"H_STACK\",\"widgetType\":null},{\"_summary\":null,\"dataParts\":\"ROCKET_CASH_REWARD\",\"items\":[{\"_summary\":null,\"dataParts\":null,\"items\":[],\"logging\":null,\"product\":null,\"property\":{\"action\":null,\"align\":[\"CENTER_VERTICAL\"],\"backgroundColor\":null,\"border\":null,\"condition\":null,\"cornerRadius\":null,\"customAttribute\":null,\"externalDataSource\":null,\"extra\":null,\"generateTabItemFromFeed\":null,\"gravity\":[],\"horizontalScroll\":false,\"image\":{\"duration\":null,\"scaleType\":null,\"size\":{\"height\":-2,\"weight\":0,\"width\":-2},\"ttiKey\":null,\"path\":\"http://image9.coupangcdn.com/image/badges/cashback/aos/xxxhdpi/list_cash_icon.png\"},\"imageSlideProperty\":null,\"images\":[],\"indicator\":null,\"interaction\":null,\"isFlexible\":null,\"isNonCarousel\":null,\"isRecyclerView\":null,\"margin\":{\"bottom\":0,\"left\":0,\"right\":4,\"top\":1},\"maxFilteredProductIndexesInTabItem\":null,\"minFilteredProductIndexesInTabItem\":null,\"miniSdpImageTab\":null,\"option\":null,\"optionGroups\":null,\"padding\":null,\"productDetailUris\":[],\"progressBar\":null,\"rank\":null,\"rdsFillTab\":null,\"rdsImageTab\":null,\"rdsTextTab\":null,\"recyclerView\":null,\"size\":{\"height\":12,\"weight\":0,\"width\":-2},\"starRating\":null,\"text\":null,\"verticalScroll\":null},\"type\":\"IMAGE\",\"widgetType\":null},{\"_summary\":null,\"dataParts\":null,\"items\":[],\"logging\":null,\"product\":null,\"property\":{\"action\":null,\"align\":[\"CENTER_VERTICAL\"],\"backgroundColor\":null,\"border\":null,\"condition\":null,\"cornerRadius\":null,\"customAttribute\":null,\"externalDataSource\":null,\"extra\":null,\"generateTabItemFromFeed\":null,\"gravity\":[],\"horizontalScroll\":false,\"image\":null,\"imageSlideProperty\":null,\"images\":[],\"indicator\":null,\"interaction\":null,\"isFlexible\":null,\"isNonCarousel\":null,\"isRecyclerView\":null,\"margin\":{\"bottom\":1,\"left\":0,\"right\":0,\"top\":0},\"maxFilteredProductIndexesInTabItem\":null,\"minFilteredProductIndexesInTabItem\":null,\"miniSdpImageTab\":null,\"option\":null,\"optionGroups\":null,\"padding\":{\"bottom\":0,\"left\":0,\"right\":0,\"top\":0},\"productDetailUris\":[],\"progressBar\":null,\"rank\":null,\"rdsFillTab\":null,\"rdsImageTab\":null,\"rdsTextTab\":null,\"recyclerView\":null,\"size\":{\"height\":-2,\"weight\":0,\"width\":-2},\"starRating\":null,\"text\":{\"adjustLineHeight\":false,\"maxLines\":0,\"overrideSize\":null,\"overrideSystemFont\":null,\"textItems\":[{\"backgroundColor\":null,\"bold\":true,\"color\":{\"alpha\":1,\"value\":\"#454F5B\"},\"maxFontScale\":2,\"size\":12,\"strikethrough\":false,\"systemFontSize\":null,\"text\":\"최대 290원 적립\"}]},\"verticalScroll\":null},\"type\":\"LABEL\",\"widgetType\":null}],\"logging\":null,\"product\":null,\"property\":{\"action\":null,\"align\":[\"CENTER_VERTICAL\",\"LEFT\"],\"backgroundColor\":{\"alpha\":1,\"value\":\"#F1F4F6\"},\"border\":null,\"condition\":null,\"cornerRadius\":{\"leftBottom\":4,\"leftTop\":4,\"rightBottom\":4,\"rightTop\":4},\"customAttribute\":{\"width\":\"max-content\"},\"externalDataSource\":null,\"extra\":null,\"generateTabItemFromFeed\":null,\"gravity\":[],\"horizontalScroll\":false,\"image\":null,\"imageSlideProperty\":null,\"images\":[],\"indicator\":null,\"interaction\":null,\"isFlexible\":null,\"isNonCarousel\":null,\"isRecyclerView\":null,\"margin\":null,\"maxFilteredProductIndexesInTabItem\":null,\"minFilteredProductIndexesInTabItem\":null,\"miniSdpImageTab\":null,\"option\":null,\"optionGroups\":null,\"padding\":{\"bottom\":2,\"left\":6,\"right\":6,\"top\":2},\"productDetailUris\":[],\"progressBar\":null,\"rank\":null,\"rdsFillTab\":null,\"rdsImageTab\":null,\"rdsTextTab\":null,\"recyclerView\":null,\"size\":{\"height\":20,\"weight\":0,\"width\":-2},\"starRating\":null,\"text\":null,\"verticalScroll\":null},\"type\":\"H_STACK\",\"widgetType\":null}],\"logging\":{\"adLog\":{\"clickLogUri\":\"https://mercury.coupang.com/e.gif?r=78fd3610-407f-11f0-b0ec-503c094342ff%7E3\u0026korePlacement=16\u0026koreSubPlacement=8\u0026templateId=3886\",\"eventId\":\"78fd3610-407f-11f0-b0ec-503c094342ff\",\"impressionLogUri\":\"https://mercury.coupang.com/e.gif?r=78fd3610-407f-11f0-b0ec-503c094342ff%7E1\u0026korePlacement=16\u0026koreSubPlacement=8\u0026templateId=3886\",\"skipViewImpression\":\"\",\"viewImpression\":\"https://mercury.coupang.com/e.gif?r=78fd3610-407f-11f0-b0ec-503c094342ff%7E2\u0026korePlacement=16\u0026templateId=3886\"},\"bypass\":{\"clickReferrer\":\"\",\"clickSchemas\":[{\"extra\":{},\"id\":\"2959\",\"mandatory\":{\"logType\":\"click\",\"eventId\":\"78fd3610-407f-11f0-b0ec-503c094342ff\",\"rawBeacon\":\"https://mercury.coupang.com/e.gif?r=78fd3610-407f-11f0-b0ec-503c094342ff%7E3\u0026korePlacement=16\u0026koreSubPlacement=8\u0026templateId=3886\",\"productId\":\"7427545313\",\"vendorItemId\":\"75423053500\",\"query\":\"일본과자\",\"channel\":\"recent\",\"pageName\":\"srp\",\"itemId\":\"19283423119\",\"dcoTemplateId\":\"3886\",\"searchId\":\"afc562b78792054\",\"sourceType\":\"srp_feed_carousel_ads\",\"feedId\":\"db90a0b6e7264b7083b2c91805b2a97b\",\"domain\":\"srp\",\"eventName\":\"srp_bottom_carousel_click\",\"rank\":8,\"logCategory\":\"event\",\"contentType\":\"SRP\"},\"version\":\"3\"}],\"clicks\":[],\"exposure\":null,\"exposureSchema\":null,\"load\":null,\"loadSchema\":null},\"contribution\":null,\"sourceType\":\"srp_feed_carousel_ads\"},\"product\":true,\"property\":{\"action\":{\"data\":\"https://www.coupang.com/vp/products/7427545313?itemId=19283423119\u0026vendorItemId=75423053500\u0026sourceType=srp_feed_carousel_ads\u0026clickEventId=78fd3610-407f-11f0-b0ec-503c094342ff\u0026korePlacement=16\u0026koreSubPlacement=8\u0026templateId=3886\",\"isSendProductLJClickLogging\":null,\"isSendProductUEClickLogging\":null,\"logging\":null,\"moreLink\":{},\"type\":\"MOVE_PAGE\"},\"align\":[],\"backgroundColor\":null,\"border\":null,\"condition\":null,\"cornerRadius\":null,\"customAttribute\":null,\"externalDataSource\":null,\"extra\":null,\"generateTabItemFromFeed\":null,\"gravity\":[],\"horizontalScroll\":false,\"image\":null,\"imageSlideProperty\":null,\"images\":[],\"indicator\":null,\"interaction\":null,\"isFlexible\":null,\"isNonCarousel\":null,\"isRecyclerView\":null,\"margin\":{\"bottom\":10,\"left\":10,\"right\":0,\"top\":10},\"maxFilteredProductIndexesInTabItem\":null,\"minFilteredProductIndexesInTabItem\":null,\"miniSdpImageTab\":null,\"option\":null,\"optionGroups\":null,\"padding\":{\"bottom\":5,\"left\":5,\"right\":0,\"top\":5},\"productDetailUris\":[],\"progressBar\":null,\"rank\":null,\"rdsFillTab\":null,\"rdsImageTab\":null,\"rdsTextTab\":null,\"recyclerView\":null,\"size\":{\"height\":-2,\"weight\":0,\"width\":-2},\"starRating\":null,\"text\":null,\"verticalScroll\":null},\"type\":\"V_STACK\",\"widgetType\":null}],\"logging\":null,\"product\":null,\"property\":{\"action\":null,\"align\":[],\"backgroundColor\":null,\"border\":null,\"condition\":null,\"cornerRadius\":null,\"customAttribute\":null,\"externalDataSource\":null,\"extra\":null,\"generateTabItemFromFeed\":null,\"gravity\":[],\"horizontalScroll\":false,\"image\":null,\"imageSlideProperty\":null,\"images\":[],\"indicator\":null,\"interaction\":null,\"isFlexible\":null,\"isNonCarousel\":null,\"isRecyclerView\":null,\"margin\":{\"bottom\":0,\"left\":0,\"right\":10,\"top\":0},\"maxFilteredProductIndexesInTabItem\":null,\"minFilteredProductIndexesInTabItem\":null,\"miniSdpImageTab\":null,\"option\":null,\"optionGroups\":null,\"padding\":{\"bottom\":16,\"left\":0,\"right\":0,\"top\":0},\"productDetailUris\":[],\"progressBar\":null,\"rank\":null,\"rdsFillTab\":null,\"rdsImageTab\":null,\"rdsTextTab\":null,\"recyclerView\":null,\"size\":{\"height\":-2,\"weight\":0,\"width\":178},\"starRating\":null,\"text\":null,\"verticalScroll\":null},\"type\":\"H_STACK\",\"widgetType\":null}],\"logging\":null,\"product\":null,\"property\":{\"action\":null,\"align\":[],\"backgroundColor\":null,\"border\":null,\"condition\":null,\"cornerRadius\":null,\"customAttribute\":null,\"externalDataSource\":null,\"extra\":null,\"generateTabItemFromFeed\":null,\"gravity\":[],\"horizontalScroll\":true,\"image\":null,\"imageSlideProperty\":null,\"images\":[],\"indicator\":null,\"interaction\":null,\"isFlexible\":null,\"isNonCarousel\":null,\"isRecyclerView\":null,\"margin\":{\"bottom\":0,\"left\":0,\"right\":0,\"top\":0},\"maxFilteredProductIndexesInTabItem\":null,\"minFilteredProductIndexesInTabItem\":null,\"miniSdpImageTab\":null,\"option\":null,\"optionGroups\":null,\"padding\":null,\"productDetailUris\":[],\"progressBar\":null,\"rank\":null,\"rdsFillTab\":null,\"rdsImageTab\":null,\"rdsTextTab\":null,\"recyclerView\":null,\"size\":{\"height\":-2,\"weight\":0,\"width\":-2},\"starRating\":null,\"text\":null,\"verticalScroll\":null},\"type\":\"H_STACK\",\"widgetType\":null}],\"logging\":{\"adLog\":null,\"bypass\":{\"clickReferrer\":\"\",\"clickSchemas\":[],\"clicks\":[],\"exposure\":null,\"exposureSchema\":{\"extra\":{},\"id\":\"2958\",\"mandatory\":{\"logType\":\"impression\",\"productId\":null,\"vendorItemId\":null,\"query\":\"일본과자\",\"channel\":\"recent\",\"pageName\":\"srp\",\"itemId\":null,\"dcoTemplateId\":\"3886\",\"searchId\":\"afc562b78792054\",\"sourceType\":\"srp_feed_carousel_ads\",\"feedId\":\"db90a0b6e7264b7083b2c91805b2a97b\",\"domain\":\"srp\",\"eventName\":\"srp_bottom_carousel_impression\",\"logCategory\":\"impression\",\"contentType\":\"SRP\",\"items\":\"p6139176501_i11762419890_v79036230178,p7699761256_i17426849077_v84595952798,p8262789869_i23805125292_v90828995387,p7068524851_i16351957484_v83543682953,p6274745732_i12410413178_v80912358243,p418313_i23773387183_v75423051822,p8178376486_i23376949631_v90407051616,p7427545313_i19283423119_v75423053500\"},\"version\":\"3\"},\"load\":null,\"loadSchema\":null},\"contribution\":null,\"sourceType\":null},\"product\":null,\"property\":{\"action\":null,\"align\":[],\"backgroundColor\":{\"alpha\":1,\"value\":\"#ffffff\"},\"border\":null,\"condition\":null,\"cornerRadius\":null,\"customAttribute\":null,\"externalDataSource\":null,\"extra\":null,\"generateTabItemFromFeed\":null,\"gravity\":[],\"horizontalScroll\":false,\"image\":null,\"imageSlideProperty\":null,\"images\":[],\"indicator\":null,\"interaction\":null,\"isFlexible\":null,\"isNonCarousel\":null,\"isRecyclerView\":null,\"margin\":null,\"maxFilteredProductIndexesInTabItem\":null,\"minFilteredProductIndexesInTabItem\":null,\"miniSdpImageTab\":null,\"option\":null,\"optionGroups\":null,\"padding\":{\"bottom\":0,\"left\":0,\"right\":0,\"top\":0},\"productDetailUris\":[],\"progressBar\":null,\"rank\":null,\"rdsFillTab\":null,\"rdsImageTab\":null,\"rdsTextTab\":null,\"recyclerView\":null,\"size\":{\"height\":-2,\"weight\":0,\"width\":-1},\"starRating\":null,\"text\":null,\"verticalScroll\":null},\"type\":\"V_STACK\",\"widgetType\":null},\"context\":null,\"id\":3886,\"placementId\":16,\"placementName\":\"PC_SRP_BOTTOM_CAROUSEL\",\"rawContent\":null,\"variableFacade\":{\"carouselItemVariableFacades\":null,\"logging\":null,\"variableMap\":{}},\"ver\":\"V1\"},\"cmgWebParity\":false}],[\"$\",\"$L22\",null,{\"data\":{\"firstPageUnit\":{\"displayPageNo\":1,\"isSelected\":false,\"link\":null},\"previousPageUnit\":{\"displayPageNo\":1,\"isSelected\":false,\"link\":null},\"nextPageUnit\":{\"displayPageNo\":11,\"isSelected\":false,\"link\":null},\"lastPageUnit\":{\"displayPageNo\":27,\"isSelected\":false,\"link\":null},\"pageList\":[{\"displayPageNo\":1,\"isSelected\":false,\"link\":null},{\"displayPageNo\":2,\"isSelected\":true,\"link\":null},{\"displayPageNo\":3,\"isSelected\":false,\"link\":null},{\"displayPageNo\":4,\"isSelected\":false,\"link\":null},{\"displayPageNo\":5,\"isSelected\":false,\"link\":null},{\"displayPageNo\":6,\"isSelected\":false,\"link\":null},{\"displayPageNo\":7,\"isSelected\":false,\"link\":null},{\"displayPageNo\":8,\"isSelected\":false,\"link\":null},{\"displayPageNo\":9,\"isSelected\":false,\"link\":null},{\"displayPageNo\":10,\"isSelected\":false,\"link\":null}],\"contents\":null,\"currentPageIndex\":2,\"totalPageIndex\":27},\"listSize\":36,\"searchId\":\"afc562b78792054\",\"page\":2,\"q\":\"일본과자\"}],[\"$\",\"$L23\",null,{\"listSize\":36,\"searchId\":\"afc562b78792054\",\"page\":2,\"q\":\"일본과자\",\"channel\":\"recent\",\"searchCount\":73364,\"isLoyaltyMember\":false,\"rankOfCoupick\":-1}]]}],[]]}]]}],[\"$\",\"$L24\",null,{\"q\":\"일본과자\",\"data-sentry-element\":\"JikguPromo\",\"data-sentry-source-file\":\"index.tsx\"}],[\"$\",\"$L25\",null,{\"productIndexes\":[8285923292,6726729468,8472747129,5700874190,7737745297,6726729540,6342512394,8781978697,7109736565,6976086727,7043185522,7722924224,8750610173,8650763826,7136014002,6091616113,7987101753,7842293887,8773860914,6947711532,7759805082,8288202717,7759805082,7154465706,8293587796,8103851344,8706664771,7614444039,7712253280,8541412231,1847799285,8730337781,7688321511,7109736565,8164002768,8289704722],\"fodiumWebUrl\":\"//reco.coupang.com\",\"data-sentry-element\":\"AlsoViewed\",\"data-sentry-source-file\":\"index.tsx\"}],[\"$\",\"$L26\",null,{\"q\":\"일본과자\",\"data-sentry-element\":\"TodaysSale\",\"data-sentry-source-file\":\"index.tsx\"}],[\"$\",\"$L27\",null,{\"pageName\":\"srp\",\"redirectForOrganicTrafficTarget\":false,\"pcsRedirectTargetAndroid\":false,\"data-sentry-element\":\"AutoRedirection\",\"data-sentry-source-file\":\"index.tsx\"}]]}]]}],false],[\"$\",\"$L28\",null,{\"keyword\":\"일본과자\"}]]\n"])</script>
<script>self.__next_f.push([1, "16:[\"$\",\"html\",null,{\"translate\":\"no\",\"lang\":\"ko-KR\",\"data-sentry-component\":\"AdapterLayout\",\"data-sentry-source-file\":\"Layout.tsx\",\"children\":[[\"$\",\"head\",null,{\"children\":[[[\"$\",\"meta\",null,{\"name\":\"viewport\",\"content\":\"width=device-width, initial-scale=1.0, maximum-scale=1.0, user-scalable=0\"}],[\"$\",\"meta\",null,{\"name\":\"format-detection\",\"content\":\"telephone=no, date=no, email=no, address=no\"}],[\"$\",\"link\",null,{\"rel\":\"shortcut icon\",\"href\":\"https://image7.coupangcdn.com/image/coupang/favicon/favicon.ico\",\"type\":\"image/x-icon\"}],[\"$\",\"link\",null,{\"rel\":\"apple-touch-icon\",\"href\":\"https://image10.coupangcdn.com/image/mobile/v3/web_favicon.png\"}],[\"$\",\"meta\",null,{\"httpEquiv\":\"x-dns-prefetch-control\",\"content\":\"on\"}],[\"$\",\"link\",null,{\"rel\":\"dns-prefetch\",\"href\":\"//assets.coupang.com\"}],[\"$\",\"link\",null,{\"rel\":\"dns-prefetch\",\"href\":\"//assets2.coupang.com\"}],[\"$\",\"link\",null,{\"rel\":\"dns-prefetch\",\"href\":\"//assets.coupangcdn.com\"}],[\"$\",\"link\",null,{\"rel\":\"dns-prefetch\",\"href\":\"//asset1.coupangcdn.com\"}],[\"$\",\"link\",null,{\"rel\":\"dns-prefetch\",\"href\":\"//private.coupang.com\"}],[\"$\",\"link\",null,{\"rel\":\"dns-prefetch\",\"href\":\"//img1a.coupangcdn.com\"}],[\"$\",\"link\",null,{\"rel\":\"dns-prefetch\",\"href\":\"//image1.coupangcdn.com\"}],[\"$\",\"link\",null,{\"rel\":\"dns-prefetch\",\"href\":\"//thumbnail1.coupangcdn.com\"}],[\"$\",\"link\",null,{\"rel\":\"dns-prefetch\",\"href\":\"//static.coupangcdn.com\"}],[\"$\",\"link\",null,{\"rel\":\"dns-prefetch\",\"href\":\"//www.facebook.com\"}],[\"$\",\"link\",null,{\"rel\":\"dns-prefetch\",\"href\":\"//www.google.com\"}],[\"$\",\"link\",null,{\"rel\":\"dns-prefetch\",\"href\":\"//www.google.co.kr\"}],[\"$\",\"link\",null,{\"rel\":\"dns-prefetch\",\"href\":\"//stats.g.doubleclick.net\"}],[\"$\",\"link\",null,{\"rel\":\"dns-prefetch\",\"href\":\"//connect.facebook.net\"}]],[[[\"$\",\"title\",null,{\"children\":\"쿠팡이 추천하는 일본과자 관련 혜택과 특가\"}],[\"$\",\"meta\",null,{\"name\":\"description\",\"content\":\"쿠팡이 추천하는 일본과자 특가를 만나보세요. 로켓 와우회원은 다양한 할인과 무료 배송 및 반품 혜택도 누릴 수 있어요.\",\"data-sentry-element\":\"meta\",\"data-sentry-source-file\":\"SeoMetaTitleDescription.tsx\"}],[\"$\",\"meta\",null,{\"property\":\"og:title\",\"content\":\"쿠팡이 추천하는 일본과자 관련 혜택과 특가\",\"data-sentry-element\":\"meta\",\"data-sentry-source-file\":\"SeoMetaTitleDescription.tsx\"}],[\"$\",\"meta\",null,{\"property\":\"og:description\",\"content\":\"쿠팡이 추천하는 일본과자 특가를 만나보세요. 로켓 와우회원은 다양한 할인과 무료 배송 및 반품 혜택도 누릴 수 있어요.\",\"data-sentry-element\":\"meta\",\"data-sentry-source-file\":\"SeoMetaTitleDescription.tsx\"}]],[[\"$\",\"meta\",null,{\"property\":\"og:image\",\"content\":\"https://image10.coupangcdn.com/image/mobile/v3/img_fb_like.png\",\"data-sentry-element\":\"meta\",\"data-sentry-source-file\":\"SeoCommonOgMetaTags.tsx\"}],[\"$\",\"meta\",null,{\"property\":\"og:type\",\"content\":\"website\",\"data-sentry-element\":\"meta\",\"data-sentry-source-file\":\"SeoCommonOgMetaTags.tsx\"}],[\"$\",\"meta\",null,{\"property\":\"og:site_name\",\"content\":\"쿠팡\",\"data-sentry-element\":\"meta\",\"data-sentry-source-file\":\"SeoCommonOgMetaTags.tsx\"}],[\"$\",\"meta\",null,{\"property\":\"og:locale\",\"content\":\"ko_KR\",\"data-sentry-element\":\"meta\",\"data-sentry-source-file\":\"SeoCommonOgMetaTags.tsx\"}],false,false],false,[\"$\",\"meta\",null,{\"property\":\"og:url\",\"content\":\"https://www.coupang.com/np/search?q=일본과자\",\"data-sentry-element\":\"meta\",\"data-sentry-source-file\":\"SrpSeoMetaTags.tsx\"}],[\"$\",\"link\",null,{\"rel\":\"canonical\",\"href\":\"https://www.coupang.com/np/search?q=일본과자\"}]],[\"$\",\"script\",null,{\"children\":\"\\n          window['__web_adapter_queue__']=[];\\n          \\n          window['__weblog_args__']=[{\\n     market: 'KR',\\n     pageName: 'srp',\\n     domain: 'srp',\\n     service: 'coupang',\\n     appCode: 'coupang',\\n     mode: \\\"production\\\",\\n     useV2API: true,\\n     platform: 'web',\\n     useAutoSendPageViewLog: false,\\n     tti: {\\n      \\\"calcType\\\": \\\"excludeRedirect\\\",\\n       \\\"platformType\\\": \\\"browser\\\",\\n       \\\"pageName\\\": \\\"srp\\\",\\n       \\\"async\\\": false,\\n     }\\n   }];\\n   window['__jslog_args__']=['srp', \\\"production\\\", {\\n     memberSrl: \\\"\\\",\\n     pcid: \\\"44397986259666936741586\\\",\\n     pageName: 'srp',\\n     domain: 'coupang_front_web',\\n     instanceId: 'prod-655649898c-twwsz'\\n   }];\\n        \"}]]}],[\"$\",\"body\",null,{\"className\":\"fw-overflow-x-hidden fw-font-apple-gothic\",\"data-domain\":\"SRP\",\"children\":\"$L29\"}]]}]\n"])</script>
<script>self.__next_f.push([1, "2a:I[30193,[\"6619\",\"static/chunks/6619-920abe7360f7cb6c.js\",\"1089\",\"static/chunks/1089-226532151aa889b2.js\",\"9870\",\"static/chunks/9870-1886363675d58e6c.js\",\"7320\",\"static/chunks/7320-7a217574796b76f7.js\",\"5687\",\"static/chunks/5687-efba6045ee486495.js\",\"4518\",\"static/chunks/4518-b8cdcf69b4d7edb2.js\",\"6309\",\"static/chunks/6309-03709609ac40908b.js\",\"3886\",\"static/chunks/app/srp/page-ccd871b7430fc9fa.js\"],\"I18nProvider\"]\n2b:I[80834,[\"6619\",\"static/chunks/6619-920abe7360f7cb6c.js\",\"9870\",\"static/chunks/9870-1886363675d58e6c.js\",\"2104\",\"static/chunks/2104-051afdb34f5de399.js\",\"3785\",\"static/chunks/app/srp/layout-db50ecba27aa2aa4.js\"],\"ClientContextProvider\"]\n2c:I[86543,[\"6619\",\"static/chunks/6619-920abe7360f7cb6c.js\",\"9870\",\"static/chunks/9870-1886363675d58e6c.js\",\"2104\",\"static/chunks/2104-051afdb34f5de399.js\",\"3785\",\"static/chunks/app/srp/layout-db50ecba27aa2aa4.js\"],\"AdzerkTopBanner\"]\n2d:I[88626,[\"6619\",\"static/chunks/6619-920abe7360f7cb6c.js\",\"1089\",\"static/chunks/1089-226532151aa889b2.js\",\"9870\",\"static/chunks/9870-1886363675d58e6c.js\",\"7320\",\"static/chunks/7320-7a217574796b76f7.js\",\"5687\",\"static/chunks/5687-efba6045ee486495.js\",\"4518\",\"static/chunks/4518-b8cdcf69b4d7edb2.js\",\"6309\",\"static/chunks/6309-03709609ac40908b.js\",\"3886\",\"static/chunks/app/srp/page-ccd871b7430fc9fa.js\"],\"RelatedKeywordLinks\"]\n2f:I[43503,[\"6619\",\"static/chunks/6619-920abe7360f7cb6c.js\",\"9870\",\"static/chunks/9870-1886363675d58e6c.js\",\"2104\",\"static/chunks/2104-051afdb34f5de399.js\",\"3785\",\"static/chunks/app/srp/layout-db50ecba27aa2aa4.js\"],\"\"]\n"])</script>
<script>self.__next_f.push([1, "29:[\"$\",\"$L2a\",null,{\"messages\":{\"108850\":\"상세보기 \u003e\",\"386085\":\"추천해준 검색어가 도움이 안 돼요\",\"487466\":\"C.에비뉴\",\"559380\":\"브랜드\",\"620039\":\"종\",\"759744\":\"더 좋은 쿠팡을 기대해주세요.\",\"974553\":\"소중한 의견 감사합니다.\",\"998286\":\"1:1 채팅문의\",\"coupang\":\"쿠팡!\",\"i18n.price.unit\":\"{unit}당 {price}\",\"c1d147\":\"추천광고\",\"7a24ee\":\"더 알아보기\",\"9724d0\":\"찾던상품\",\"46c9d2\":\"아니신가요?\",\"e048e4\":\"최근본상품\",\"c57618\":\"이전 페이지 보기\",\"02dbac\":\"다음 페이지 보기\",\"back\":\"뒤로가기\",\"demo.rich\":\"rich \u003cs\u003estrong {v}\u003c/s\u003e\",\"94b7db\":\"닫기\",\"ff1379\":\"삭제가 안됐나요? 다시 한번 해보세요.\",\"52624c\":\"최근본 상품이\",\"7779d6\":\"없습니다.\",\"2d47c8\":\"다시 시도해 주세요.\",\"990d4f\":\"마이크\",\"2bdfeb\":\"최근검색어켜기\",\"fd74f0\":\"검색어\",\"8124e8\":\"최근\",\"fc81e2\":\"삭제\",\"f3dc4f\":\"최근 검색어 저장 기능이 꺼져 있습니다.\",\"1cb232\":\"찾고 싶은 상품을 검색해보세요!\",\"32a686\":\"쇼핑\",\"6e50be\":\"더보기\",\"a2c93c\":\"티켓\",\"4bcb41\":\"여행/티켓\",\"fc01cf\":\"여행 홈 바로가기\",\"0037c7\":\"테마관\",\"16f5ac\":\"{key}+D 키를 누르면 즐겨찾기에 추가하실 수 있습니다.\",\"ca26ed\":\"장바구니 전체보기\",\"9a3b14\":\"장바구니에 담긴 상품이 없습니다.\",\"1830a0\":\"인기 컬렉션\",\"9c9e48\":\"전체보기\",\"f591ef\":\"쿠팡 랭킹순은 판매 실적, 사용자 선호도,\",\"d73c73\":\"상품 정보 충실도 및 검색 정확도 등을\",\"9c102d\":\"종합적으로 고려한 순위입니다.\",\"category\":\"카테고리\",\"fb4c7f\":\"쿠팡 상품 검색\",\"4b8d54\":\"검색\",\"7a0f55\":\"전체삭제\",\"c8917d\":\"최근검색어끄기\",\"2e0203\":\"마이쿠팡\",\"a6d8d7\":\"주문목록\",\"3168a9\":\"취소/반품\",\"f540ba\":\"찜 리스트\",\"9374b1\":\"정기배송\",\"063c9d\":\"즐겨찾기\",\"f45dbc\":\"입점신청\",\"a18579\":\"오픈마켓\",\"4e0fa1\":\"여행·티켓\",\"7d976f\":\"로켓배송\",\"6e7f41\":\"제휴마케팅\",\"73260d\":\"별점\",\"38c1b4\":\"가격\",\"4820e1\":\"상품 상태\",\"8d371d\":\"+ 더보기\",\"e03f50\":\"- 접기\",\"b68c7d\":\"카테고리\",\"cbb288\":\"쿠팡 홈\",\"gnb.dropdown.rocketgrowth\":\"로켓그로스\",\"user.honor\":\"\u003cstrong\u003e{name}\u003c/strong\u003e 님\",\"5ce55d\":\"님 마이쿠팡 바로가기\",\"919c1b\":\"로그아웃\",\"6d2536\":\"로그인\",\"e668cc\":\"회원가입\",\"910d9d\":\"바로가기\",\"cac080\":\"판매완료\",\"72fb3e\":\"판매종료\",\"998f31\":\"오늘의 발견\",\"1e8c10\":\"닫기\",\"jikgu.widget.title\":\"전세계 핫딜\",\"jikgu.widget.subtitle\":\"로켓직구 글로벌특가\",\"promotion.discount\":\"지금 {discountRate} 할인 중\",\"promotion.title.prefix\":\"오늘의\",\"promotion.title\":\"판매자 특가\",\"jikgu.badge\":\"특가진행중\",\"jikgu.discount.desc\":\"와우할인가\",\"jikgu.progress\":\"남음\",\"3ac163\":\"광고\",\"8c9e05\":\"쿠팡으로부터 광고 서비스를 구매한 제휴업체의 판매상품입니다.\",\"1a80d4\":\"무료배송\",\"2c8086\":\"추가 할인쿠폰\",\"2cdbdd\":\"다음 상품 보기\",\"c764c2\":\"이전 상품 보기\",\"1d80ad\":\"최근 본 상품\",\"bcea32\":\"이런 상품 어때요?\",\"27bbca\":\"개 상품보기\",\"988a7a\":\"상품모음\",\"f52573\":\"쿠팡직구\",\"language\":\"언어\",\"bf7595\":\"HOT! TREND 카테고리별 추천 광고상품\",\"8f8a11\":\"카테고리 설정하기\",\"2ba516\":\"보고싶은 카테고리의 순서를 바꿔보세요\",\"893f3d\":\"초기화\",\"be8764\":\"취소\",\"1aacb5\":\"확인\",\"115bce\":\"설정\",\"63d25f\":\"바로가기 \u003e\",\"e4d7a7\":\"베이비패션 \u003e\",\"d5aa64\":\"여아키즈패션 \u003e\",\"f2c659\":\"남아키즈패션 \u003e\",\"c4c070\":\"HOT키워드\",\"4cc583\":\"기획전\",\"5a849f\":\"총\",\"3d79c7\":\"신청가능\",\"4b4d66\":\"최소 1개 카테고리를 선택해 주세요\",\"9ba104\":\"보러가기\",\"save\":\"Save\",\"1023c0\":\"자주묻는 질문\",\"8497eb\":\"고객센터\",\"d404bf\":\"고객의 소리\",\"126e1c\":\"취소 / 반품 안내\",\"browser.msg1\":\"고객님의 브라우저에서는 쿠팡이 정상 동작하지 않습니다.\",\"browser.msg2\":\"마이크로소프트 엣지 업데이트, 크롬 또는 파이어폭스 브라우저를 설치하세요.\",\"browser.ie\":\"마이크로소프트 엣지\",\"browser.chrome\":\"크롬\",\"browser.firefox\":\"파이어폭스\",\"browser.update\":\"업데이트하기\",\"a57ab0\":\"개\",\"bb2509\":\"쿠팡비즈\",\"b8ba7f\":\"로켓직구\",\"b69c6a\":\"로켓배송\",\"f0e8ce\":\"쿠팡추천\",\"srp.freebie.tag.txt\":\"사은품\",\"srp.unit.badges.handyman\":\"쿠팡무상A/S\",\"2956fd\":\"탑 브랜드\",\"31ea0d\":\"정기배송 가능\",\"admark.text\":\"AD\",\"admark.tooltip\":\"쿠팡으로부터 광고 서비스를 구매한 제휴업체의 판매상품으로 일반 상품보다 우선 정렬됩니다.\",\"da7e61\":\"이전\",\"aef613\":\"다음\",\"a4b69f\":\"전체\",\"f53a6e\":\"필터\",\"fcd63a\":\"에 대한 검색결과\",\"52d4ef\":\"연관검색어: \",\"cbaa1f\":\"선택한 필터:\",\"6139b6\":\"삭제\",\"79b4ce\":\"선택하신 필터에 맞는 상품이 없습니다.\",\"ca59cf\":\"필터를 다시 선택해주세요.\",\"1cb675\":\"전체해제\",\"96fd28\":\"로켓와우\",\"srp.filter.luxury.rlux\":\"R.LUX\",\"fab73d\":\"박스 훼손\",\"db0cec\":\"새 상품\",\"bc0788\":\"리퍼\",\"fde026\":\"중고\",\"b909b3\":\"재포장\",\"7117b6\":\"로켓\",\"a2aa4f\":\"장바구니 연관상품\",\"0041e3\":\"님의 장바구니 상품\",\"d22e25\":\"장바구니\",\"9bcfb6\":\"품절임박\",\"srp.delivery.fee.toggle\":\"배송비 포함\",\"8c3f65\":\"설명\",\"srp.help.ranking.new.desc1\":\"쿠팡 랭킹순은 판매 실적, 고객 선호도, 상품 경쟁력 및\",\"srp.help.ranking.new.desc1_2\":\"검색 정확도 등을 종합적으로 고려한 것입니다.\",\"srp.help.ranking.new.li.title1\":\"판매 실적 : \",\"srp.help.ranking.new.li.txt1\":\"상품의 구매 건수\",\"srp.help.ranking.new.li.title2\":\"고객 선호도 : \",\"srp.help.ranking.new.li.txt2\":\"상품 및 판매자에 대한 고객평가 등\",\"srp.help.ranking.new.li.title3\":\"상품 경쟁력 : \",\"srp.help.ranking.new.li.txt3\":\"상품 가격, 배송 기간 등\",\"srp.help.ranking.new.li.title4\":\"검색 정확도 : \",\"srp.help.ranking.new.li.txt4\":\"검색어와 상품 간 연관도 등\",\"srp.help.ranking.new.desc2\":\"이 밖에 쿠팡 랭킹순에는 고객의 편의 및 만족도\",\"srp.help.ranking.new.desc3\":\"향상을 위한 추가적인 요소가 수시로 반영될 수 있습니다.\",\"listSize.option.label\":\"개씩 보기\",\"wow.join.coupon\":\"와우 가입 쿠폰\",\"e0c6d1\":\"무료배송\",\"delivery.today\":\"오늘배송\",\"promo.special.price.going\":\"특가진행중\",\"seller.rocket\":\"판매자로켓\",\"is.left\":\"남음\",\"fd60cb\":\"쿠팡으로부터 광고 서비스를\",\"a1215f\":\"구매한 제휴업체의 판매상품으로\",\"c342f4\":\"일반 상품보다 우선 정렬됩니다.\",\"wow.sale.price\":\"와우할인가\",\"srp.unit.badges.jikgu1PWarrantyAB\":\"로켓직구 무상보증\",\"1164a8\":\"에 대한 검색결과가 없습니다.\",\"9e4c0b\":\"다른 검색어를 입력하시거나 철자와 띄어쓰기를 확인해 보세요.\",\"f26960\":\"이것을 찾아보시겠어요?\",\"63a502\":\"현재 검색 결과에 만족하셨나요?\",\"ab5b2e\":\"어떤 문제가 있었나요?\",\"b5d3fd\":\"관련 없는 상품이 있어요\",\"fcbdf7\":\"필터가 도움이 안 돼요\",\"74e35e\":\"이미지나 정보가 부정확해요\",\"27f7de\":\"기타 원하는 옵션이 없어요\",\"bfcb6c\":\"응답 수정하기\",\"download\":\"쿠팡 앱 설치하기\",\"bestSeller.title\":\"베스트셀러\",\"bestSeller.subTitle\":\"최근 다른 고객이 많이 구매한 상품\",\"discount\":\"할인\",\"free.delivery.under.threshold.text\":\"{threshold} 이상 구매 시\",\"2c1eed\":\"쿠팡\\n                앱으로 보기\",\"9d7998\":\"괜찮습니다. 모바일웹으로 볼게요.\",\"bottom.download\":\"쿠팡 앱으로 더 쉽고 편하게 쇼핑하세요!\",\"bottom.download.button\":\"앱 설치하기\",\"c2.subTitle\":\"오늘 쿠팡이 엄선한 가장 HOT한 상품!\",\"c2.buy\":\"구매하기\",\"c3.title\":\"HOT! TREND\",\"c3.subTitle1\":\"카테고리별\",\"c3.subTitle2\":\"추천 광고상품\",\"mobile.sort\":\"정렬\",\"mobile.filter.confirm\":\"결과보기\",\"6290df\":\"신뢰관리센터\",\"noResult.title\":\"해당 상품이 없습니다.\",\"noResult.subTitle\":\"곧 좋은 상품으로 찾아오겠습니다.\",\"f699a2\":\"찜하기\",\"ebcde7\":\"정보창닫기\",\"7ec99c\":\"이 브랜드를 찜했습니다.\",\"b3d4e2\":\"찜한 브랜드 보기 \u003e\",\"brandshop.new.product\":\"신규상품\",\"plp.notStudentProgramTarget\":\"학생 와우회원 전용 페이지입니다\"},\"locale\":\"ko-KR\",\"region\":\"KR\",\"timeZone\":\"Asia/Seoul\",\"children\":[\"$\",\"$L2b\",null,{\"host\":\"www.coupang.com\",\"data-sentry-element\":\"ClientContextProvider\",\"data-sentry-source-file\":\"server.tsx\",\"children\":[[\"$\",\"div\",null,{\"className\":\"coupang-top-banner fw-hidden s600:fw-block\",\"data-sentry-component\":\"TopBannerInternal\",\"data-sentry-source-file\":\"TopBannerInternal.tsx\",\"children\":[[\"$\",\"$L2c\",null,{\"data\":{\"topBannerUse\":true,\"useAdzerk\":true,\"adzerkTopBanner\":{\"css\":\"#coupang-banner span.banner-bg{background:#FFFFFF;border-bottom:1px solid #cac6c3}\",\"desc\":null,\"leftBanner\":{\"imagePath\":\"https://static.coupangcdn.com/ea/cmg_paperboy/image/1646271114206/C0-Left_basic.jpg\",\"linkInfo\":{\"link\":\"/np/campaigns/82?adType=DA\u0026eventId=0ZwtS48hqkCBbXCp\",\"coords\":null},\"adzerkLog\":{\"clickLogUri\":\"https://mercury.coupang.com/e.gif?r=ChAwWnd0UzQ4aHFrQ0JiWENwEg0xMC4yMTEuODkuMjQ3GOfHgLDzMiABKixBM2tBVHh2MnZEOFRScEtFWHhBQmgyVTNIU0NLOXNOZExEWlprQ0x4VEZVPTIERkxBVEIXNDQzOTc5ODYyNTk2NjY5MzY3NDE1ODZQhui8BVoFY2xpY2t6A1dFQooBBG1hcnOQAeGJC5gBphqgAYbovAXCARBwODhrTUpOcWJIM0s2NzhN\u0026t=1\",\"impressionLogUri\":\"https://mercury.coupang.com/e.gif?r=ChAwWnd0UzQ4aHFrQ0JiWENwEg0xMC4yMTEuODkuMjQ3GOfHgLDzMiABKixBM2tBVHh2MnZEOFRScEtFWHhBQmgyVTNIU0NLOXNOZExEWlprQ0x4VEZVPTIERkxBVEIXNDQzOTc5ODYyNTk2NjY5MzY3NDE1ODZQhui8BVoKaW1wcmVzc2lvbnoDV0VCigEEbWFyc5AB4YkLmAGmGqABhui8BcIBEHA4OGtNSk5xYkgzSzY3OE0%3D\u0026t=2\",\"viewImpression\":\"https://mercury.coupang.com/e.gif?r=ChAwWnd0UzQ4aHFrQ0JiWENwEg0xMC4yMTEuODkuMjQ3GOfHgLDzMiABKixBM2tBVHh2MnZEOFRScEtFWHhBQmgyVTNIU0NLOXNOZExEWlprQ0x4VEZVPTIERkxBVEIXNDQzOTc5ODYyNTk2NjY5MzY3NDE1ODZQhui8BVoEdmlld3oDV0VCigEEbWFyc5AB4YkLmAGmGqABhui8BcIBEHA4OGtNSk5xYkgzSzY3OE0%3D\u0026t=3\",\"feedsId\":\"\",\"eventId\":\"0ZwtS48hqkCBbXCp\"}},\"rightBanner\":{\"imagePath\":\"https://static.coupangcdn.com/ha/cmg_paperboy/image/1748567648107/C0_R.jpg\",\"linkInfo\":{\"link\":\"https://pages.coupang.com/p/147356?adType=DA\u0026eventId=jD86TsUib4088TOw\",\"coords\":null},\"adzerkLog\":{\"clickLogUri\":\"https://mercury.coupang.com/e.gif?r=ChBqRDg2VHNVaWI0MDg4VE93Eg0xMC4yMTEuODkuMjQ3GOfHgLDzMiABKixBM2tBVHh2MnZEOFRScEtFWHhBQmgyVTNIU0NLOXNOZExEWlprQ0x4VEZVPTIERkxBVEIXNDQzOTc5ODYyNTk2NjY5MzY3NDE1ODZQwvvABVoFY2xpY2t6A1dFQooBBG1hcnOQAeGJC5gBphqgAcL7wAWwAYCHpw7CARBwODhrTUpOcWJIM0s2NzhN\u0026t=1\",\"impressionLogUri\":\"https://mercury.coupang.com/e.gif?r=ChBqRDg2VHNVaWI0MDg4VE93Eg0xMC4yMTEuODkuMjQ3GOfHgLDzMiABKixBM2tBVHh2MnZEOFRScEtFWHhBQmgyVTNIU0NLOXNOZExEWlprQ0x4VEZVPTIERkxBVEIXNDQzOTc5ODYyNTk2NjY5MzY3NDE1ODZQwvvABVoKaW1wcmVzc2lvbnoDV0VCigEEbWFyc5AB4YkLmAGmGqABwvvABbABgIenDsIBEHA4OGtNSk5xYkgzSzY3OE0%3D\u0026t=2\",\"viewImpression\":\"https://mercury.coupang.com/e.gif?r=ChBqRDg2VHNVaWI0MDg4VE93Eg0xMC4yMTEuODkuMjQ3GOfHgLDzMiABKixBM2tBVHh2MnZEOFRScEtFWHhBQmgyVTNIU0NLOXNOZExEWlprQ0x4VEZVPTIERkxBVEIXNDQzOTc5ODYyNTk2NjY5MzY3NDE1ODZQwvvABVoEdmlld3oDV0VCigEEbWFyc5AB4YkLmAGmGqABwvvABbABgIenDsIBEHA4OGtNSk5xYkgzSzY3OE0%3D\u0026t=3\",\"feedsId\":\"\",\"eventId\":\"jD86TsUib4088TOw\"}}}},\"data-sentry-element\":\"AdzerkTopBanner\",\"data-sentry-source-file\":\"TopBanner.tsx\"}],null]}],[false,[\"$\",\"div\",null,{\"id\":\"wa-config\",\"data-currency\":\"__원\",\"data-arrow-left\":\"https://front.coupangcdn.com/front-web-next/_next/static/media/arrow_left.128503b7.png\",\"data-t\":\"{\\\"94b7db\\\":\\\"닫기\\\",\\\"ff1379\\\":\\\"삭제가 안됐나요? 다시 한번 해보세요.\\\",\\\"52624c\\\":\\\"최근본 상품이\\\",\\\"7779d6\\\":\\\"없습니다.\\\",\\\"2d47c8\\\":\\\"다시 시도해 주세요.\\\",\\\"back\\\":\\\"뒤로가기\\\",\\\"4b8d54\\\":\\\"검색\\\",\\\"990d4f\\\":\\\"마이크\\\",\\\"2bdfeb\\\":\\\"최근검색어켜기\\\",\\\"c8917d\\\":\\\"최근검색어끄기\\\",\\\"fd74f0\\\":\\\"검색어\\\",\\\"8124e8\\\":\\\"최근\\\",\\\"fc81e2\\\":\\\"삭제\\\",\\\"f3dc4f\\\":\\\"최근 검색어 저장 기능이 꺼져 있습니다.\\\"}\",\"data-search-uri\":\"/np/search\",\"data-web-domain\":\"https://www.coupang.com\",\"data-apply-app-redirection\":\"1\"}],[\"$\",\"div\",null,{\"id\":\"wa-header\",\"style\":{\"zIndex\":9960},\"className\":\"fw-font-apple-gothic fw-sticky fw-top-0 fw-bg-white s600:fw-static\",\"children\":[[\"$\",\"div\",null,{\"className\":\"fw-bg-[#f0f0f0] \",\"id\":\"wa-top-bar\",\"data-sentry-component\":\"TopBar\",\"data-sentry-source-file\":\"TopBar.tsx\",\"children\":[\"$\",\"div\",null,{\"style\":{\"maxWidth\":1300},\"className\":\"fw-m-auto fw-w-full fw-text-[11px]\",\"children\":[[\"$\",\"menu\",null,{\"className\":\"fw-relative fw-float-right *:fw-float-right *:fw-h-[33px] *:fw-pr-[12px] *:fw-pt-[10px]\",\"children\":[\"$undefined\",[\"$\",\"li\",null,{\"className\":\"fw-hidden s600:fw-block\",\"children\":[\"$\",\"a\",null,{\"href\":\"https://wing.coupang.com/tenants/vendor-signup/signup?utm_source=button_pc_coupang_app_category_3\u0026utm_medium=non_paid\u0026utm_id=onsite_ca\u0026utm_content=20240328\",\"children\":\"판매자 가입\"}]}],[\"$\",\"li\",null,{\"className\":\"cs-center fw-group fw-relative\",\"children\":[[\"$\",\"a\",null,{\"href\":\"https://mc.coupang.com/ssr/desktop/contact/faq\",\"data-log\":\"{ id: 'customer_center'}\",\"children\":\"고객센터\"}],[\"$\",\"p\",null,{\"className\":\"fw-hidden group-hover:fw-block\",\"style\":{\"zIndex\":9999},\"children\":[[\"$\",\"a\",null,{\"href\":\"https://mc.coupang.com/ssr/desktop/contact/faq\",\"data-log\":\"{ id:'customer_center_1' }\",\"children\":\"자주묻는 질문\"}],[\"$\",\"a\",null,{\"href\":\"https://mc.coupang.com/ssr/desktop/contact/inquiry\",\"data-log\":\"{ id:'customer_center_3' }\",\"children\":\"1:1 채팅문의\"}],[\"$\",\"a\",null,{\"href\":\"https://mc.coupang.com/ssr/desktop/contact/voc\",\"data-log\":\"{ id:'customer_center_2' }\",\"children\":\"고객의 소리\"}],[\"$\",\"a\",null,{\"href\":\"https://www.coupang.com/returnPolicy.pang\",\"data-log\":\"{ id:'customer_center_4' }\",\"children\":\"취소 / 반품 안내\"}]]}]]}],[[\"$\",\"li\",null,{\"children\":[\"$\",\"a\",null,{\"href\":\"https://login.coupang.com/login/memberJoinFrm.pang\",\"title\":\"회원가입\",\"children\":\"회원가입\"}]}],[\"$\",\"li\",null,{\"children\":[\"$\",\"a\",null,{\"href\":\"https://login.coupang.com/login/login.pang?rtnUrl=https%3A%2F%2Fwww.coupang.com%2Fnp%2Fpost%2Flogin%3Fr%3Dhttp%253A%252F%252Fwww.coupang.com%252Fnp%252Fsearch%253Fq%253D%2525EC%25259D%2525BC%2525EB%2525B3%2525B8%2525EA%2525B3%2525BC%2525EC%25259E%252590%2526channel%253Drecent%2526page%253D2\",\"title\":\"로그인\",\"children\":\"로그인\"}]}]]]}],[\"$\",\"menu\",null,{\"id\":\"subscribeHeader\",\"className\":\"fw-hidden s600:fw-block\",\"children\":[[\"$\",\"li\",null,{\"className\":\"new-header\",\"children\":[\"$\",\"a\",null,{\"id\":\"wa-bookmark\",\"data-msg\":\"Ctrl+D 키를 누르면 즐겨찾기에 추가하실 수 있습니다.\",\"className\":\"bookmark\",\"data-log\":\"{ id: \\\"add_to_favorites\\\" }\",\"children\":\"즐겨찾기\"}]}],[\"$\",\"li\",null,{\"className\":\"vendor-join\",\"children\":[[\"$\",\"a\",null,{\"className\":\"dropdown_menu_flag\",\"children\":[\"입점신청\",[\"$\",\"i\",null,{\"className\":\"ic\"}]]}],[\"$\",\"p\",null,{\"className\":\"vendor-join-menu fw-hidden\",\"style\":{\"zIndex\":9999},\"children\":[[\"$\",\"a\",null,{\"href\":\"https://marketplace.coupangcorp.com/s/?utm_source=button_pc\u0026utm_medium=non_paid\u0026utm_campaign=onsite_ca\u0026utm_id=coupang_app\",\"data-log\":\"{ id:'seller_page' }\",\"target\":\"_blank\",\"children\":\"오픈마켓\"}],[\"$\",\"a\",null,{\"href\":\"https://with.coupang.com/contract/initialize\",\"data-log\":\"{ id:'travel_seller_page' }\",\"target\":\"_blank\",\"children\":\"여행·티켓\"}],[\"$\",\"a\",null,{\"href\":\"https://supplier.coupang.com/welcome/join\",\"data-log\":\"{ id:'rocket_seller_page' }\",\"target\":\"_blank\",\"children\":\"로켓배송\"}],[\"$\",\"a\",null,{\"href\":\"https://partners.coupang.com\",\"data-log\":\"{ id:'affiliate_marketing_page' }\",\"target\":\"_blank\",\"children\":\"제휴마케팅\"}],[\"$\",\"a\",null,{\"href\":\"https://sell.coupang.com?utm_source=web_button_pc_rg\u0026utm_medium=referral\u0026utm_campaign=onsite_lead\u0026utm_id=coupang_web?inflow=WEB_HEADER_B\",\"data-log\":\"{ id:'rocketGrowth' }\",\"target\":\"_blank\",\"children\":\"로켓그로스\"}]]}]]}]]}],[\"$\",\"div\",null,{\"className\":\"fw-invisible fw-clear-both fw-h-[0px]\",\"children\":\".\"}]]}]}],[\"$\",\"div\",null,{\"data-sentry-component\":\"Main\",\"data-sentry-source-file\":\"Header.tsx\",\"children\":[[\"$\",\"select\",null,{\"id\":\"wa-category-select\",\"defaultValue\":\"$undefined\",\"name\":\"component\",\"className\":\"searchCategories search_category_filter fw-hidden\",\"children\":[[\"$\",\"option\",null,{\"value\":\"\",\"children\":\"전체\"}],[[\"$\",\"option\",\"564553\",{\"value\":564553,\"children\":\"패션의류/잡화\"}],[\"$\",\"option\",\"176422\",{\"value\":176422,\"children\":\"뷰티\"}],[\"$\",\"option\",\"221834\",{\"value\":221834,\"children\":\"출산/유아동\"}],[\"$\",\"option\",\"194176\",{\"value\":194176,\"children\":\"식품\"}],[\"$\",\"option\",\"185569\",{\"value\":185569,\"children\":\"주방용품\"}],[\"$\",\"option\",\"115573\",{\"value\":115573,\"children\":\"생활용품\"}],[\"$\",\"option\",\"184455\",{\"value\":184455,\"children\":\"홈인테리어\"}],[\"$\",\"option\",\"178155\",{\"value\":178155,\"children\":\"가전디지털\"}],[\"$\",\"option\",\"317678\",{\"value\":317678,\"children\":\"스포츠/레저\"}],[\"$\",\"option\",\"183960\",{\"value\":183960,\"children\":\"자동차용품\"}],[\"$\",\"option\",\"317677\",{\"value\":317677,\"children\":\"도서/음반/DVD\"}],[\"$\",\"option\",\"317679\",{\"value\":317679,\"children\":\"완구/취미\"}],[\"$\",\"option\",\"177195\",{\"value\":177195,\"children\":\"문구/오피스\"}],[\"$\",\"option\",\"115574\",{\"value\":115574,\"children\":\"반려동물용품\"}],[\"$\",\"option\",\"305698\",{\"value\":305698,\"children\":\"헬스/건강식품\"}],[\"$\",\"option\",\"396363\",{\"value\":396363,\"children\":\"국내여행\"}],[\"$\",\"option\",\"396364\",{\"value\":396364,\"children\":\"해외여행\"}],[\"$\",\"option\",\"510344\",{\"value\":510344,\"children\":\"R.LUX\"}],[\"$\",\"option\",\"462089\",{\"value\":462089,\"children\":\"로켓설치\"}],[\"$\",\"option\",\"429673\",{\"value\":429673,\"children\":\"공간별 집꾸미기\"}],[\"$\",\"option\",\"508108\",{\"value\":508108,\"children\":\"헬스케어 전문관\"}],[\"$\",\"option\",\"414285\",{\"value\":414285,\"children\":\"쿠팡 Only\"}],[\"$\",\"option\",\"433684\",{\"value\":433684,\"children\":\"싱글라이프\"}],[\"$\",\"option\",\"507973\",{\"value\":507973,\"children\":\"악기전문관\"}],[\"$\",\"option\",\"416030\",{\"value\":416030,\"children\":\"결혼준비\"}],[\"$\",\"option\",\"410173\",{\"value\":410173,\"children\":\"아트/공예\"}],[\"$\",\"option\",\"397155\",{\"value\":397155,\"children\":\"미세먼지용품\"}],[\"$\",\"option\",\"316068\",{\"value\":316068,\"children\":\"홈카페\"}],[\"$\",\"option\",\"383270\",{\"value\":383270,\"children\":\"실버스토어\"}],[\"$\",\"option\",\"510297\",{\"value\":510297,\"children\":\"로켓펫닥터\"}]]]}],[\"$\",\"div\",null,{\"style\":{\"maxWidth\":1300},\"className\":\"fw-mx-auto fw-flex fw-w-full fw-items-center fw-pr-[5px]\",\"children\":[[\"$\",\"div\",null,{\"id\":\"wa-category\",\"className\":\"fw-relative fw-flex fw-h-[48px] fw-w-[48px] fw-cursor-pointer fw-flex-col fw-items-center fw-justify-center fw-bg-[#346aff] s1024:fw-h-[119px] s1024:fw-w-[110px]\",\"children\":[[\"$\",\"div\",null,{\"className\":\"fw-flex fw-h-[24px] fw-w-[24px] fw-flex-col fw-items-center fw-justify-around s1024:fw-h-[28px] s1024:fw-w-[28px]\",\"children\":[[\"$\",\"div\",null,{\"className\":\"fw-h-[1px] fw-w-full fw-bg-white s1024:fw-h-[4px]\"}],[\"$\",\"div\",null,{\"className\":\"fw-h-[1px] fw-w-full fw-bg-white s1024:fw-h-[4px]\"}],[\"$\",\"div\",null,{\"className\":\"fw-h-[1px] fw-w-full fw-bg-white s1024:fw-h-[4px]\"}]]}],[\"$\",\"div\",null,{\"className\":\"fw-mt-[15px] fw-hidden fw-w-[45px] fw-text-center fw-text-[13px] fw-font-normal fw-leading-none fw-text-white s1024:fw-block\",\"children\":\"카테고리\"}],[[\"$\",\"div\",null,{\"className\":\"category-layer\",\"id\":\"wa-pc-category\",\"data-icons\":\"https://front.coupangcdn.com/front-web-next/_next/static/media/icons.b67b6097.svg\",\"style\":{\"zIndex\":9999},\"data-sentry-component\":\"PcCategory\",\"data-sentry-source-file\":\"Category.tsx\",\"children\":[[\"$\",\"div\",null,{\"className\":\"fw-hidden\",\"children\":\"쇼핑\"}],false,[\"$\",\"ul\",null,{\"className\":\"menu shopping-menu-list fd\",\"children\":[[\"$\",\"li\",\"0\",{\"className\":\"fashion wa-category-icon\",\"data-sentry-component\":\"ThirdDepthGnb\",\"data-sentry-source-file\":\"ThirdDepthGnb.tsx\",\"children\":[[\"$\",\"a\",null,{\"href\":\"/np/categories/564653\",\"data-el\":\"womanclothe\",\"children\":[\"패션의류/잡화\",[\"$\",\"i\",null,{\"className\":\"si\"}]]}],[\"$\",\"div\",null,{\"className\":\"depth\",\"children\":[[\"$\",\"ul\",null,{\"className\":\"sdl\",\"children\":[[\"$\",\"li\",\"0\",{\"children\":[[\"$\",\"a\",null,{\"href\":\"/np/categories/186764\",\"data-el\":\"womanclothe\",\"children\":[\"여성패션\",[\"$\",\"i\",null,{\"className\":\"si\"}]]}],[\"$\",\"ul\",null,{\"className\":\"tdl\",\"children\":[[\"$\",\"li\",\"0\",{\"children\":[\"$\",\"a\",null,{\"href\":\"/np/categories/498704\",\"data-el\":\"womanclothe\",\"children\":\"의류\"}]}],[\"$\",\"li\",\"1\",{\"children\":[\"$\",\"a\",null,{\"href\":\"/np/categories/498797\",\"data-el\":\"womanclothe\",\"children\":\"신발\"}]}],[\"$\",\"li\",\"2\",{\"children\":[\"$\",\"a\",null,{\"href\":\"/np/categories/498828\",\"data-el\":\"womanclothe\",\"children\":\"가방/잡화\"}]}]]}]]}],[\"$\",\"li\",\"1\",{\"children\":[[\"$\",\"a\",null,{\"href\":\"/np/categories/187069\",\"data-el\":\"manclothe\",\"children\":[\"남성패션\",[\"$\",\"i\",null,{\"className\":\"si\"}]]}],[\"$\",\"ul\",null,{\"className\":\"tdl\",\"children\":[[\"$\",\"li\",\"0\",{\"children\":[\"$\",\"a\",null,{\"href\":\"/np/categories/498917\",\"data-el\":\"manclothe\",\"children\":\"의류\"}]}],[\"$\",\"li\",\"1\",{\"children\":[\"$\",\"a\",null,{\"href\":\"/np/categories/498974\",\"data-el\":\"manclothe\",\"children\":\"신발\"}]}],[\"$\",\"li\",\"2\",{\"children\":[\"$\",\"a\",null,{\"href\":\"/np/categories/499007\",\"data-el\":\"manclothe\",\"children\":\"가방/잡화\"}]}]]}]]}],[\"$\",\"li\",\"2\",{\"children\":[[\"$\",\"a\",null,{\"href\":\"/np/categories/502993\",\"data-el\":\"unisexfashion\",\"children\":[\"남녀 공용 의류\",[\"$\",\"i\",null,{\"className\":\"si\"}]]}],[\"$\",\"ul\",null,{\"className\":\"tdl\",\"children\":[[\"$\",\"li\",\"0\",{\"children\":[\"$\",\"a\",null,{\"href\":\"/np/categories/502994\",\"data-el\":\"unisexfashion\",\"children\":\"티셔츠\"}]}],[\"$\",\"li\",\"1\",{\"children\":[\"$\",\"a\",null,{\"href\":\"/np/categories/502995\",\"data-el\":\"unisexfashion\",\"children\":\"맨투맨/후드티\"}]}],[\"$\",\"li\",\"2\",{\"children\":[\"$\",\"a\",null,{\"href\":\"/np/categories/502998\",\"data-el\":\"unisexfashion\",\"children\":\"셔츠\"}]}],[\"$\",\"li\",\"3\",{\"children\":[\"$\",\"a\",null,{\"href\":\"/np/categories/502999\",\"data-el\":\"unisexfashion\",\"children\":\"바지\"}]}],[\"$\",\"li\",\"4\",{\"children\":[\"$\",\"a\",null,{\"href\":\"/np/categories/503000\",\"data-el\":\"unisexfashion\",\"children\":\"트레이닝복\"}]}],[\"$\",\"li\",\"5\",{\"children\":[\"$\",\"a\",null,{\"href\":\"/np/categories/503001\",\"data-el\":\"unisexfashion\",\"children\":\"후드집업/집업류\"}]}],[\"$\",\"li\",\"6\",{\"children\":[\"$\",\"a\",null,{\"href\":\"/np/categories/503002\",\"data-el\":\"unisexfashion\",\"children\":\"니트류/조끼\"}]}],[\"$\",\"li\",\"7\",{\"children\":[\"$\",\"a\",null,{\"href\":\"/np/categories/503006\",\"data-el\":\"unisexfashion\",\"children\":\"아우터\"}]}],[\"$\",\"li\",\"8\",{\"children\":[\"$\",\"a\",null,{\"href\":\"/np/categories/503010\",\"data-el\":\"unisexfashion\",\"children\":\"테마의류\"}]}],[\"$\",\"li\",\"9\",{\"children\":[\"$\",\"a\",null,{\"href\":\"/np/categories/503013\",\"data-el\":\"unisexfashion\",\"children\":\"커플룩/패밀리룩\"}]}],[\"$\",\"li\",\"10\",{\"children\":[\"$\",\"a\",null,{\"href\":\"/np/categories/509288\",\"data-el\":\"unisexfashion\",\"children\":\"빅사이즈\"}]}],[\"$\",\"li\",\"11\",{\"children\":[\"$\",\"a\",null,{\"href\":\"/np/categories/565393\",\"data-el\":\"unisexfashion\",\"children\":\"스포츠의류\"}]}]]}]]}],[\"$\",\"li\",\"3\",{\"children\":[[\"$\",\"a\",null,{\"href\":\"/np/categories/565063\",\"data-el\":\"underwear\",\"children\":[\"속옷/잠옷\",[\"$\",\"i\",null,{\"className\":\"si\"}]]}],[\"$\",\"ul\",null,{\"className\":\"tdl\",\"children\":[[\"$\",\"li\",\"0\",{\"children\":[\"$\",\"a\",null,{\"href\":\"/np/categories/565064\",\"data-el\":\"underwear\",\"children\":\"여성 속옷\"}]}],[\"$\",\"li\",\"1\",{\"children\":[\"$\",\"a\",null,{\"href\":\"/np/categories/565081\",\"data-el\":\"underwear\",\"children\":\"남성 속옷\"}]}],[\"$\",\"li\",\"2\",{\"children\":[\"$\",\"a\",null,{\"href\":\"/np/categories/565091\",\"data-el\":\"underwear\",\"children\":\"기타 속옷 용품\"}]}],[\"$\",\"li\",\"3\",{\"children\":[\"$\",\"a\",null,{\"href\":\"/np/categories/565094\",\"data-el\":\"underwear\",\"children\":\"잠옷/파자마\"}]}]]}]]}],[\"$\",\"li\",\"4\",{\"children\":[[\"$\",\"a\",null,{\"href\":\"/np/campaigns/20497\",\"data-el\":\"womanclothe\",\"children\":[\"신발\",null]}],false]}],[\"$\",\"li\",\"5\",{\"children\":[[\"$\",\"a\",null,{\"href\":\"/np/campaigns/20495\",\"data-el\":\"womanclothe\",\"children\":[\"가방/잡화\",null]}],false]}],[\"$\",\"li\",\"6\",{\"children\":[[\"$\",\"a\",null,{\"href\":\"/np/categories/213201\",\"data-el\":\"childfashion\",\"children\":[\"유아동패션\",[\"$\",\"i\",null,{\"className\":\"si\"}]]}],[\"$\",\"ul\",null,{\"className\":\"tdl\",\"children\":[[\"$\",\"li\",\"0\",{\"children\":[\"$\",\"a\",null,{\"href\":\"/np/categories/499090\",\"data-el\":\"childfashion\",\"children\":\"베이비\"}]}],[\"$\",\"li\",\"1\",{\"children\":[\"$\",\"a\",null,{\"href\":\"/np/categories/499116\",\"data-el\":\"childfashion\",\"children\":\"여아\"}]}],[\"$\",\"li\",\"2\",{\"children\":[\"$\",\"a\",null,{\"href\":\"/np/categories/499186\",\"data-el\":\"childfashion\",\"children\":\"남아\"}]}]]}]]}]]}],[\"$\",\"span\",null,{\"className\":\"gnb-banner\",\"style\":{\"background\":\"#FFF\"},\"data-sentry-component\":\"Banner\",\"data-sentry-source-file\":\"Banner.tsx\",\"children\":[[\"$\",\"a\",null,{\"href\":\"https://pages.coupang.com/p/134974\",\"title\":\"패션의류/잡화\",\"data-el\":\"womanclothe\",\"children\":\"패션의류/잡화\"}],[\"$\",\"img\",null,{\"loading\":\"lazy\",\"alt\":\"패션의류/잡화\",\"src\":\"https://image10.coupangcdn.com/image/displayitem/displayitem_8026b2bf-35d9-48d8-adb7-a676f2c70030.jpg\"}]]}]]}]]}],[\"$\",\"li\",\"1\",{\"className\":\"beauty wa-category-icon\",\"data-sentry-component\":\"ThirdDepthGnb\",\"data-sentry-source-file\":\"ThirdDepthGnb.tsx\",\"children\":[[\"$\",\"a\",null,{\"href\":\"/np/categories/176522\",\"data-el\":\"beauty\",\"children\":[\"뷰티\",[\"$\",\"i\",null,{\"className\":\"si\"}]]}],[\"$\",\"div\",null,{\"className\":\"depth\",\"children\":[[\"$\",\"ul\",null,{\"className\":\"sdl\",\"children\":[[\"$\",\"li\",\"0\",{\"children\":[[\"$\",\"a\",null,{\"href\":\"/np/campaigns/18530\",\"data-el\":\"beauty\",\"children\":[\"럭셔리뷰티\",null]}],false]}],[\"$\",\"li\",\"1\",{\"children\":[[\"$\",\"a\",null,{\"href\":\"/np/categories/176530\",\"data-el\":\"beauty\",\"children\":[\"스킨케어\",[\"$\",\"i\",null,{\"className\":\"si\"}]]}],[\"$\",\"ul\",null,{\"className\":\"tdl\",\"children\":[[\"$\",\"li\",\"0\",{\"children\":[\"$\",\"a\",null,{\"href\":\"/np/categories/486248\",\"data-el\":\"beauty\",\"children\":\"스킨\"}]}],[\"$\",\"li\",\"1\",{\"children\":[\"$\",\"a\",null,{\"href\":\"/np/categories/486249\",\"data-el\":\"beauty\",\"children\":\"로션\"}]}],[\"$\",\"li\",\"2\",{\"children\":[\"$\",\"a\",null,{\"href\":\"/np/categories/486250\",\"data-el\":\"beauty\",\"children\":\"에센스/세럼/앰플\"}]}],[\"$\",\"li\",\"3\",{\"children\":[\"$\",\"a\",null,{\"href\":\"/np/categories/486251\",\"data-el\":\"beauty\",\"children\":\"미스트\"}]}],[\"$\",\"li\",\"4\",{\"children\":[\"$\",\"a\",null,{\"href\":\"/np/categories/486252\",\"data-el\":\"beauty\",\"children\":\"오일\"}]}],[\"$\",\"li\",\"5\",{\"children\":[\"$\",\"a\",null,{\"href\":\"/np/categories/486253\",\"data-el\":\"beauty\",\"children\":\"크림/올인원\"}]}],[\"$\",\"li\",\"6\",{\"children\":[\"$\",\"a\",null,{\"href\":\"/np/categories/486254\",\"data-el\":\"beauty\",\"children\":\"기초세트\"}]}],[\"$\",\"li\",\"7\",{\"children\":[\"$\",\"a\",null,{\"href\":\"/np/categories/176554\",\"data-el\":\"beauty\",\"children\":\"마스크/팩\"}]}]]}]]}],[\"$\",\"li\",\"2\",{\"children\":[[\"$\",\"a\",null,{\"href\":\"/np/categories/509393\",\"data-el\":\"beauty\",\"children\":[\"클린/비건뷰티\",[\"$\",\"i\",null,{\"className\":\"si\"}]]}],[\"$\",\"ul\",null,{\"className\":\"tdl\",\"children\":[[\"$\",\"li\",\"0\",{\"children\":[\"$\",\"a\",null,{\"href\":\"/np/categories/509394\",\"data-el\":\"beauty\",\"children\":\"스킨케어\"}]}],[\"$\",\"li\",\"1\",{\"children\":[\"$\",\"a\",null,{\"href\":\"/np/categories/509395\",\"data-el\":\"beauty\",\"children\":\"메이크업\"}]}],[\"$\",\"li\",\"2\",{\"children\":[\"$\",\"a\",null,{\"href\":\"/np/categories/509396\",\"data-el\":\"beauty\",\"children\":\"네일\u0026툴\"}]}]]}]]}],[\"$\",\"li\",\"3\",{\"children\":[[\"$\",\"a\",null,{\"href\":\"/np/categories/486551\",\"data-el\":\"beauty\",\"children\":[\"클렌징/필링\",[\"$\",\"i\",null,{\"className\":\"si\"}]]}],[\"$\",\"ul\",null,{\"className\":\"tdl\",\"children\":[[\"$\",\"li\",\"0\",{\"children\":[\"$\",\"a\",null,{\"href\":\"/np/categories/486559\",\"data-el\":\"beauty\",\"children\":\"클렌징 폼\"}]}],[\"$\",\"li\",\"1\",{\"children\":[\"$\",\"a\",null,{\"href\":\"/np/categories/486560\",\"data-el\":\"beauty\",\"children\":\"클렌징 젤/파우더\"}]}],[\"$\",\"li\",\"2\",{\"children\":[\"$\",\"a\",null,{\"href\":\"/np/categories/486561\",\"data-el\":\"beauty\",\"children\":\"클렌징 비누\"}]}],[\"$\",\"li\",\"3\",{\"children\":[\"$\",\"a\",null,{\"href\":\"/np/categories/486562\",\"data-el\":\"beauty\",\"children\":\"클렌징 오일\"}]}],[\"$\",\"li\",\"4\",{\"children\":[\"$\",\"a\",null,{\"href\":\"/np/categories/486563\",\"data-el\":\"beauty\",\"children\":\"클렌징 워터\"}]}],[\"$\",\"li\",\"5\",{\"children\":[\"$\",\"a\",null,{\"href\":\"/np/categories/486564\",\"data-el\":\"beauty\",\"children\":\"립/아이리무버\"}]}],[\"$\",\"li\",\"6\",{\"children\":[\"$\",\"a\",null,{\"href\":\"/np/categories/486565\",\"data-el\":\"beauty\",\"children\":\"클렌징 티슈/시트\"}]}],[\"$\",\"li\",\"7\",{\"children\":[\"$\",\"a\",null,{\"href\":\"/np/categories/486566\",\"data-el\":\"beauty\",\"children\":\"클렌징밤/크림/로션\"}]}],[\"$\",\"li\",\"8\",{\"children\":[\"$\",\"a\",null,{\"href\":\"/np/categories/486567\",\"data-el\":\"beauty\",\"children\":\"클렌징세트\"}]}],[\"$\",\"li\",\"9\",{\"children\":[\"$\",\"a\",null,{\"href\":\"/np/categories/486568\",\"data-el\":\"beauty\",\"children\":\"스크럽/필링\"}]}]]}]]}],[\"$\",\"li\",\"4\",{\"children\":[[\"$\",\"a\",null,{\"href\":\"/np/campaigns/7642\",\"data-el\":\"beauty\",\"children\":[\"더마코스메틱\",null]}],false]}],[\"$\",\"li\",\"5\",{\"children\":[[\"$\",\"a\",null,{\"href\":\"/np/categories/176573\",\"data-el\":\"beauty\",\"children\":[\"메이크업\",[\"$\",\"i\",null,{\"className\":\"si\"}]]}],[\"$\",\"ul\",null,{\"className\":\"tdl\",\"children\":[[\"$\",\"li\",\"0\",{\"children\":[\"$\",\"a\",null,{\"href\":\"/np/categories/176587\",\"data-el\":\"beauty\",\"children\":\"베이스 메이크업\"}]}],[\"$\",\"li\",\"1\",{\"children\":[\"$\",\"a\",null,{\"href\":\"/np/categories/176574\",\"data-el\":\"beauty\",\"children\":\"아이 메이크업\"}]}],[\"$\",\"li\",\"2\",{\"children\":[\"$\",\"a\",null,{\"href\":\"/np/categories/176581\",\"data-el\":\"beauty\",\"children\":\"립 메이크업\"}]}],[\"$\",\"li\",\"3\",{\"children\":[\"$\",\"a\",null,{\"href\":\"/np/categories/176594\",\"data-el\":\"beauty\",\"children\":\"치크메이크업\"}]}],[\"$\",\"li\",\"4\",{\"children\":[\"$\",\"a\",null,{\"href\":\"/np/categories/405199\",\"data-el\":\"beauty\",\"children\":\"멀티메이크업\"}]}],[\"$\",\"li\",\"5\",{\"children\":[\"$\",\"a\",null,{\"href\":\"/np/categories/405203\",\"data-el\":\"beauty\",\"children\":\"바디메이크업\"}]}]]}]]}],[\"$\",\"li\",\"6\",{\"children\":[[\"$\",\"a\",null,{\"href\":\"/np/categories/176563\",\"data-el\":\"beauty\",\"children\":[\"선케어/태닝\",[\"$\",\"i\",null,{\"className\":\"si\"}]]}],[\"$\",\"ul\",null,{\"className\":\"tdl\",\"children\":[[\"$\",\"li\",\"0\",{\"children\":[\"$\",\"a\",null,{\"href\":\"/np/categories/176564\",\"data-el\":\"beauty\",\"children\":\"선케어\"}]}],[\"$\",\"li\",\"1\",{\"children\":[\"$\",\"a\",null,{\"href\":\"/np/categories/176570\",\"data-el\":\"beauty\",\"children\":\"태닝\"}]}]]}]]}],[\"$\",\"li\",\"7\",{\"children\":[[\"$\",\"a\",null,{\"href\":\"/np/categories/176598\",\"data-el\":\"beauty\",\"children\":[\"향수\",[\"$\",\"i\",null,{\"className\":\"si\"}]]}],[\"$\",\"ul\",null,{\"className\":\"tdl\",\"children\":[[\"$\",\"li\",\"0\",{\"children\":[\"$\",\"a\",null,{\"href\":\"/np/categories/176599\",\"data-el\":\"beauty\",\"children\":\"여성향수\"}]}],[\"$\",\"li\",\"1\",{\"children\":[\"$\",\"a\",null,{\"href\":\"/np/categories/176600\",\"data-el\":\"beauty\",\"children\":\"남성향수\"}]}],[\"$\",\"li\",\"2\",{\"children\":[\"$\",\"a\",null,{\"href\":\"/np/categories/509383\",\"data-el\":\"beauty\",\"children\":\"남녀공용향수\"}]}],[\"$\",\"li\",\"3\",{\"children\":[\"$\",\"a\",null,{\"href\":\"/np/categories/509384\",\"data-el\":\"beauty\",\"children\":\"고체향수\"}]}],[\"$\",\"li\",\"4\",{\"children\":[\"$\",\"a\",null,{\"href\":\"/np/categories/176601\",\"data-el\":\"beauty\",\"children\":\"드레스퍼퓸\"}]}]]}]]}],[\"$\",\"li\",\"8\",{\"children\":[[\"$\",\"a\",null,{\"href\":\"/np/categories/176839\",\"data-el\":\"beauty\",\"children\":[\"남성화장품\",[\"$\",\"i\",null,{\"className\":\"si\"}]]}],[\"$\",\"ul\",null,{\"className\":\"tdl\",\"children\":[[\"$\",\"li\",\"0\",{\"children\":[\"$\",\"a\",null,{\"href\":\"/np/categories/176840\",\"data-el\":\"beauty\",\"children\":\"남성스킨케어\"}]}],[\"$\",\"li\",\"1\",{\"children\":[\"$\",\"a\",null,{\"href\":\"/np/categories/176843\",\"data-el\":\"beauty\",\"children\":\"남성메이크업\"}]}],[\"$\",\"li\",\"2\",{\"children\":[\"$\",\"a\",null,{\"href\":\"/np/categories/176846\",\"data-el\":\"beauty\",\"children\":\"남성화장품세트\"}]}],[\"$\",\"li\",\"3\",{\"children\":[\"$\",\"a\",null,{\"href\":\"/np/categories/176847\",\"data-el\":\"beauty\",\"children\":\"남성 헤어케어\"}]}],[\"$\",\"li\",\"4\",{\"children\":[\"$\",\"a\",null,{\"href\":\"/np/categories/176850\",\"data-el\":\"beauty\",\"children\":\"남성 바디케어\"}]}],[\"$\",\"li\",\"5\",{\"children\":[\"$\",\"a\",null,{\"href\":\"/np/categories/176854\",\"data-el\":\"beauty\",\"children\":\"남성 쉐이빙 케어\"}]}]]}]]}],[\"$\",\"li\",\"9\",{\"children\":[[\"$\",\"a\",null,{\"href\":\"/np/categories/176763\",\"data-el\":\"beauty\",\"children\":[\"네일\",[\"$\",\"i\",null,{\"className\":\"si\"}]]}],[\"$\",\"ul\",null,{\"className\":\"tdl\",\"children\":[[\"$\",\"li\",\"0\",{\"children\":[\"$\",\"a\",null,{\"href\":\"/np/categories/427310\",\"data-el\":\"beauty\",\"children\":\"네일팁/페디팁/스티커\"}]}],[\"$\",\"li\",\"1\",{\"children\":[\"$\",\"a\",null,{\"href\":\"/np/categories/176767\",\"data-el\":\"beauty\",\"children\":\"일반네일\"}]}],[\"$\",\"li\",\"2\",{\"children\":[\"$\",\"a\",null,{\"href\":\"/np/categories/176772\",\"data-el\":\"beauty\",\"children\":\"젤네일\"}]}],[\"$\",\"li\",\"3\",{\"children\":[\"$\",\"a\",null,{\"href\":\"/np/categories/176764\",\"data-el\":\"beauty\",\"children\":\"케어/영양/리무버\"}]}],[\"$\",\"li\",\"4\",{\"children\":[\"$\",\"a\",null,{\"href\":\"/np/categories/176780\",\"data-el\":\"beauty\",\"children\":\"네일케어도구\"}]}],[\"$\",\"li\",\"5\",{\"children\":[\"$\",\"a\",null,{\"href\":\"/np/categories/176789\",\"data-el\":\"beauty\",\"children\":\"네일아트소품/도구\"}]}],[\"$\",\"li\",\"6\",{\"children\":[\"$\",\"a\",null,{\"href\":\"/np/categories/176806\",\"data-el\":\"beauty\",\"children\":\"네일세트\"}]}]]}]]}],[\"$\",\"li\",\"10\",{\"children\":[[\"$\",\"a\",null,{\"href\":\"/np/categories/176807\",\"data-el\":\"beauty\",\"children\":[\"뷰티소품\",[\"$\",\"i\",null,{\"className\":\"si\"}]]}],[\"$\",\"ul\",null,{\"className\":\"tdl\",\"children\":[[\"$\",\"li\",\"0\",{\"children\":[\"$\",\"a\",null,{\"href\":\"/np/categories/176808\",\"data-el\":\"beauty\",\"children\":\"화장솜/면봉\"}]}],[\"$\",\"li\",\"1\",{\"children\":[\"$\",\"a\",null,{\"href\":\"/np/categories/176811\",\"data-el\":\"beauty\",\"children\":\"아이소품\"}]}],[\"$\",\"li\",\"2\",{\"children\":[\"$\",\"a\",null,{\"href\":\"/np/categories/176817\",\"data-el\":\"beauty\",\"children\":\"페이스소품\"}]}],[\"$\",\"li\",\"3\",{\"children\":[\"$\",\"a\",null,{\"href\":\"/np/categories/176822\",\"data-el\":\"beauty\",\"children\":\"클렌징소품\"}]}],[\"$\",\"li\",\"4\",{\"children\":[\"$\",\"a\",null,{\"href\":\"/np/categories/176826\",\"data-el\":\"beauty\",\"children\":\"헤어소품\"}]}],[\"$\",\"li\",\"5\",{\"children\":[\"$\",\"a\",null,{\"href\":\"/np/categories/281731\",\"data-el\":\"beauty\",\"children\":\"피부관리기\"}]}],[\"$\",\"li\",\"6\",{\"children\":[\"$\",\"a\",null,{\"href\":\"/np/categories/176832\",\"data-el\":\"beauty\",\"children\":\"용기/거울/기타소품\"}]}]]}]]}],[\"$\",\"li\",\"11\",{\"children\":[[\"$\",\"a\",null,{\"href\":\"/np/categories/403012\",\"data-el\":\"beauty\",\"children\":[\"어린이화장품\",[\"$\",\"i\",null,{\"className\":\"si\"}]]}],[\"$\",\"ul\",null,{\"className\":\"tdl\",\"children\":[[\"$\",\"li\",\"0\",{\"children\":[\"$\",\"a\",null,{\"href\":\"/np/categories/403013\",\"data-el\":\"beauty\",\"children\":\"메이크업\"}]}],[\"$\",\"li\",\"1\",{\"children\":[\"$\",\"a\",null,{\"href\":\"/np/categories/403014\",\"data-el\":\"beauty\",\"children\":\"향수\"}]}],[\"$\",\"li\",\"2\",{\"children\":[\"$\",\"a\",null,{\"href\":\"/np/categories/403015\",\"data-el\":\"beauty\",\"children\":\"네일케어\"}]}],[\"$\",\"li\",\"3\",{\"children\":[\"$\",\"a\",null,{\"href\":\"/np/categories/403016\",\"data-el\":\"beauty\",\"children\":\"세트/키트\"}]}]]}]]}],[\"$\",\"li\",\"12\",{\"children\":[[\"$\",\"a\",null,{\"href\":\"/np/campaigns/4999\",\"data-el\":\"beauty\",\"children\":[\"로드샵\",null]}],false]}],[\"$\",\"li\",\"13\",{\"children\":[[\"$\",\"a\",null,{\"href\":\"/np/categories/176602\",\"data-el\":\"beauty\",\"children\":[\"헤어\",[\"$\",\"i\",null,{\"className\":\"si\"}]]}],[\"$\",\"ul\",null,{\"className\":\"tdl\",\"children\":[[\"$\",\"li\",\"0\",{\"children\":[\"$\",\"a\",null,{\"href\":\"/np/categories/403017\",\"data-el\":\"beauty\",\"children\":\"샴푸\"}]}],[\"$\",\"li\",\"1\",{\"children\":[\"$\",\"a\",null,{\"href\":\"/np/categories/403024\",\"data-el\":\"beauty\",\"children\":\"린스/컨디셔너\"}]}],[\"$\",\"li\",\"2\",{\"children\":[\"$\",\"a\",null,{\"href\":\"/np/categories/176631\",\"data-el\":\"beauty\",\"children\":\"트리트먼트/팩/앰플\"}]}],[\"$\",\"li\",\"3\",{\"children\":[\"$\",\"a\",null,{\"href\":\"/np/categories/403030\",\"data-el\":\"beauty\",\"children\":\"헤어에센스/오일\"}]}],[\"$\",\"li\",\"4\",{\"children\":[\"$\",\"a\",null,{\"href\":\"/np/categories/403031\",\"data-el\":\"beauty\",\"children\":\"헤어스타일링\"}]}],[\"$\",\"li\",\"5\",{\"children\":[\"$\",\"a\",null,{\"href\":\"/np/categories/403032\",\"data-el\":\"beauty\",\"children\":\"헤어세트\"}]}],[\"$\",\"li\",\"6\",{\"children\":[\"$\",\"a\",null,{\"href\":\"/np/categories/176653\",\"data-el\":\"beauty\",\"children\":\"염색/파마\"}]}]]}]]}],[\"$\",\"li\",\"14\",{\"children\":[[\"$\",\"a\",null,{\"href\":\"/np/categories/176699\",\"data-el\":\"beauty\",\"children\":[\"바디\",[\"$\",\"i\",null,{\"className\":\"si\"}]]}],[\"$\",\"ul\",null,{\"className\":\"tdl\",\"children\":[[\"$\",\"li\",\"0\",{\"children\":[\"$\",\"a\",null,{\"href\":\"/np/categories/176700\",\"data-el\":\"beauty\",\"children\":\"샤워/입욕용품\"}]}],[\"$\",\"li\",\"1\",{\"children\":[\"$\",\"a\",null,{\"href\":\"/np/categories/176710\",\"data-el\":\"beauty\",\"children\":\"바디로션/크림\"}]}],[\"$\",\"li\",\"2\",{\"children\":[\"$\",\"a\",null,{\"href\":\"/np/categories/176719\",\"data-el\":\"beauty\",\"children\":\"핸드/풋/데오\"}]}],[\"$\",\"li\",\"3\",{\"children\":[\"$\",\"a\",null,{\"href\":\"/np/categories/176744\",\"data-el\":\"beauty\",\"children\":\"제모/슬리밍/청결제\"}]}]]}]]}],[\"$\",\"li\",\"15\",{\"children\":[[\"$\",\"a\",null,{\"href\":\"/np/categories/176963\",\"data-el\":\"beauty\",\"children\":[\"선물세트/키트\",[\"$\",\"i\",null,{\"className\":\"si\"}]]}],[\"$\",\"ul\",null,{\"className\":\"tdl\",\"children\":[[\"$\",\"li\",\"0\",{\"children\":[\"$\",\"a\",null,{\"href\":\"/np/categories/176964\",\"data-el\":\"beauty\",\"children\":\"선물세트\"}]}],[\"$\",\"li\",\"1\",{\"children\":[\"$\",\"a\",null,{\"href\":\"/np/categories/176974\",\"data-el\":\"beauty\",\"children\":\"여행용키트\"}]}]]}]]}]]}],[\"$\",\"span\",null,{\"className\":\"gnb-banner\",\"style\":{\"background\":\"#FFF\"},\"data-sentry-component\":\"Banner\",\"data-sentry-source-file\":\"Banner.tsx\",\"children\":[[\"$\",\"a\",null,{\"href\":\"https://pages.coupang.com/p/140820\",\"title\":\"W23 뷰티페어\",\"data-el\":\"beauty\",\"children\":\"뷰티\"}],[\"$\",\"img\",null,{\"loading\":\"lazy\",\"alt\":\"W23 뷰티페어\",\"src\":\"https://image7.coupangcdn.com/image/displayitem/displayitem_f98a2653-be27-4c03-b9e1-b850765b3ca5.jpg\"}]]}]]}]]}],[\"$\",\"li\",\"2\",{\"className\":\"child-birth wa-category-icon\",\"data-sentry-component\":\"ThirdDepthGnb\",\"data-sentry-source-file\":\"ThirdDepthGnb.tsx\",\"children\":[[\"$\",\"a\",null,{\"href\":\"/np/categories/221934\",\"data-el\":\"baby\",\"children\":[\"출산/유아동\",[\"$\",\"i\",null,{\"className\":\"si\"}]]}],[\"$\",\"div\",null,{\"className\":\"depth\",\"children\":[[\"$\",\"ul\",null,{\"className\":\"sdl\",\"children\":[[\"$\",\"li\",\"0\",{\"children\":[[\"$\",\"a\",null,{\"href\":\"/np/categories/508565\",\"data-el\":\"baby\",\"children\":[\"유아동패션\",[\"$\",\"i\",null,{\"className\":\"si\"}]]}],[\"$\",\"ul\",null,{\"className\":\"tdl\",\"children\":[[\"$\",\"li\",\"0\",{\"children\":[\"$\",\"a\",null,{\"href\":\"/np/categories/508566\",\"data-el\":\"baby\",\"children\":\"베이비\"}]}],[\"$\",\"li\",\"1\",{\"children\":[\"$\",\"a\",null,{\"href\":\"/np/categories/508592\",\"data-el\":\"baby\",\"children\":\"여아\"}]}],[\"$\",\"li\",\"2\",{\"children\":[\"$\",\"a\",null,{\"href\":\"/np/categories/508663\",\"data-el\":\"baby\",\"children\":\"남아\"}]}]]}]]}],[\"$\",\"li\",\"1\",{\"children\":[[\"$\",\"a\",null,{\"href\":\"/np/categories/485952\",\"data-el\":\"baby\",\"children\":[\"기저귀\",[\"$\",\"i\",null,{\"className\":\"si\"}]]}],[\"$\",\"ul\",null,{\"className\":\"tdl\",\"children\":[[\"$\",\"li\",\"0\",{\"children\":[\"$\",\"a\",null,{\"href\":\"/np/categories/485953\",\"data-el\":\"baby\",\"children\":\"일회용기저귀\"}]}],[\"$\",\"li\",\"1\",{\"children\":[\"$\",\"a\",null,{\"href\":\"/np/categories/485957\",\"data-el\":\"baby\",\"children\":\"수영장기저귀\"}]}],[\"$\",\"li\",\"2\",{\"children\":[\"$\",\"a\",null,{\"href\":\"/np/categories/485958\",\"data-el\":\"baby\",\"children\":\"천기저귀/액세서리\"}]}],[\"$\",\"li\",\"3\",{\"children\":[\"$\",\"a\",null,{\"href\":\"/np/categories/485962\",\"data-el\":\"baby\",\"children\":\"배변훈련팬티\"}]}],[\"$\",\"li\",\"4\",{\"children\":[\"$\",\"a\",null,{\"href\":\"/np/categories/485963\",\"data-el\":\"baby\",\"children\":\"기저귀케익\"}]}],[\"$\",\"li\",\"5\",{\"children\":[\"$\",\"a\",null,{\"href\":\"/np/categories/485964\",\"data-el\":\"baby\",\"children\":\"기저귀크림/파우더\"}]}],[\"$\",\"li\",\"6\",{\"children\":[\"$\",\"a\",null,{\"href\":\"/np/categories/485968\",\"data-el\":\"baby\",\"children\":\"기저귀정리함\"}]}],[\"$\",\"li\",\"7\",{\"children\":[\"$\",\"a\",null,{\"href\":\"/np/categories/485969\",\"data-el\":\"baby\",\"children\":\"기저귀매트\"}]}],[\"$\",\"li\",\"8\",{\"children\":[\"$\",\"a\",null,{\"href\":\"/np/categories/485973\",\"data-el\":\"baby\",\"children\":\"기저귀통/봉투\"}]}],[\"$\",\"li\",\"9\",{\"children\":[\"$\",\"a\",null,{\"href\":\"/np/categories/485976\",\"data-el\":\"baby\",\"children\":\"기저귀가방\"}]}]]}]]}],[\"$\",\"li\",\"2\",{\"children\":[[\"$\",\"a\",null,{\"href\":\"/np/categories/485979\",\"data-el\":\"baby\",\"children\":[\"물티슈\",[\"$\",\"i\",null,{\"className\":\"si\"}]]}],[\"$\",\"ul\",null,{\"className\":\"tdl\",\"children\":[[\"$\",\"li\",\"0\",{\"children\":[\"$\",\"a\",null,{\"href\":\"/np/categories/485980\",\"data-el\":\"baby\",\"children\":\"물티슈\"}]}],[\"$\",\"li\",\"1\",{\"children\":[\"$\",\"a\",null,{\"href\":\"/np/categories/485981\",\"data-el\":\"baby\",\"children\":\"건티슈\"}]}],[\"$\",\"li\",\"2\",{\"children\":[\"$\",\"a\",null,{\"href\":\"/np/categories/485982\",\"data-el\":\"baby\",\"children\":\"물티슈액세서리\"}]}]]}]]}],[\"$\",\"li\",\"3\",{\"children\":[[\"$\",\"a\",null,{\"href\":\"/np/categories/221939\",\"data-el\":\"baby\",\"children\":[\"분유/어린이식품\",[\"$\",\"i\",null,{\"className\":\"si\"}]]}],[\"$\",\"ul\",null,{\"className\":\"tdl\",\"children\":[[\"$\",\"li\",\"0\",{\"children\":[\"$\",\"a\",null,{\"href\":\"/np/categories/221995\",\"data-el\":\"baby\",\"children\":\"분유\"}]}],[\"$\",\"li\",\"1\",{\"children\":[\"$\",\"a\",null,{\"href\":\"/np/categories/446135\",\"data-el\":\"baby\",\"children\":\"이유식\"}]}],[\"$\",\"li\",\"2\",{\"children\":[\"$\",\"a\",null,{\"href\":\"/np/categories/222036\",\"data-el\":\"baby\",\"children\":\"미음/죽/분말\"}]}],[\"$\",\"li\",\"3\",{\"children\":[\"$\",\"a\",null,{\"href\":\"/np/categories/222043\",\"data-el\":\"baby\",\"children\":\"양념/식재료\"}]}],[\"$\",\"li\",\"4\",{\"children\":[\"$\",\"a\",null,{\"href\":\"/np/categories/222050\",\"data-el\":\"baby\",\"children\":\"국/반찬\"}]}],[\"$\",\"li\",\"5\",{\"children\":[\"$\",\"a\",null,{\"href\":\"/np/categories/403082\",\"data-el\":\"baby\",\"children\":\"간식/음료\"}]}],[\"$\",\"li\",\"6\",{\"children\":[\"$\",\"a\",null,{\"href\":\"/np/categories/510531\",\"data-el\":\"baby\",\"children\":\"대용식\"}]}]]}]]}],[\"$\",\"li\",\"4\",{\"children\":[[\"$\",\"a\",null,{\"href\":\"/np/categories/509025\",\"data-el\":\"baby\",\"children\":[\"어린이 건강식품\",[\"$\",\"i\",null,{\"className\":\"si\"}]]}],[\"$\",\"ul\",null,{\"className\":\"tdl\",\"children\":[[\"$\",\"li\",\"0\",{\"children\":[\"$\",\"a\",null,{\"href\":\"/np/categories/509028\",\"data-el\":\"baby\",\"children\":\"비타민/미네랄\"}]}],[\"$\",\"li\",\"1\",{\"children\":[\"$\",\"a\",null,{\"href\":\"/np/categories/509029\",\"data-el\":\"baby\",\"children\":\"홍삼\"}]}],[\"$\",\"li\",\"2\",{\"children\":[\"$\",\"a\",null,{\"href\":\"/np/categories/509030\",\"data-el\":\"baby\",\"children\":\"칼슘\"}]}],[\"$\",\"li\",\"3\",{\"children\":[\"$\",\"a\",null,{\"href\":\"/np/categories/509031\",\"data-el\":\"baby\",\"children\":\"유산균/초유\"}]}],[\"$\",\"li\",\"4\",{\"children\":[\"$\",\"a\",null,{\"href\":\"/np/categories/509032\",\"data-el\":\"baby\",\"children\":\"오메가\"}]}],[\"$\",\"li\",\"5\",{\"children\":[\"$\",\"a\",null,{\"href\":\"/np/categories/509033\",\"data-el\":\"baby\",\"children\":\"기타 건강식품\"}]}]]}]]}],[\"$\",\"li\",\"5\",{\"children\":[[\"$\",\"a\",null,{\"href\":\"/np/categories/221943\",\"data-el\":\"baby\",\"children\":[\"수유용품\",[\"$\",\"i\",null,{\"className\":\"si\"}]]}],[\"$\",\"ul\",null,{\"className\":\"tdl\",\"children\":[[\"$\",\"li\",\"0\",{\"children\":[\"$\",\"a\",null,{\"href\":\"/np/categories/485989\",\"data-el\":\"baby\",\"children\":\"젖병\"}]}],[\"$\",\"li\",\"1\",{\"children\":[\"$\",\"a\",null,{\"href\":\"/np/categories/485992\",\"data-el\":\"baby\",\"children\":\"젖꼭지\"}]}],[\"$\",\"li\",\"2\",{\"children\":[\"$\",\"a\",null,{\"href\":\"/np/categories/371307\",\"data-el\":\"baby\",\"children\":\"노리개젖꼭지\"}]}],[\"$\",\"li\",\"3\",{\"children\":[\"$\",\"a\",null,{\"href\":\"/np/categories/371311\",\"data-el\":\"baby\",\"children\":\"치발기\"}]}],[\"$\",\"li\",\"4\",{\"children\":[\"$\",\"a\",null,{\"href\":\"/np/categories/486184\",\"data-el\":\"baby\",\"children\":\"모유저장팩\"}]}],[\"$\",\"li\",\"5\",{\"children\":[\"$\",\"a\",null,{\"href\":\"/np/categories/486186\",\"data-el\":\"baby\",\"children\":\"분유케이스/저장팩\"}]}],[\"$\",\"li\",\"6\",{\"children\":[\"$\",\"a\",null,{\"href\":\"/np/categories/371319\",\"data-el\":\"baby\",\"children\":\"젖병세척용품\"}]}],[\"$\",\"li\",\"7\",{\"children\":[\"$\",\"a\",null,{\"href\":\"/np/categories/371324\",\"data-el\":\"baby\",\"children\":\"젖병소독기/건조대\"}]}],[\"$\",\"li\",\"8\",{\"children\":[\"$\",\"a\",null,{\"href\":\"/np/categories/371327\",\"data-el\":\"baby\",\"children\":\"분유보관용기\"}]}],[\"$\",\"li\",\"9\",{\"children\":[\"$\",\"a\",null,{\"href\":\"/np/categories/371328\",\"data-el\":\"baby\",\"children\":\"수유패드\"}]}],[\"$\",\"li\",\"10\",{\"children\":[\"$\",\"a\",null,{\"href\":\"/np/categories/371329\",\"data-el\":\"baby\",\"children\":\"유축기\"}]}],[\"$\",\"li\",\"11\",{\"children\":[\"$\",\"a\",null,{\"href\":\"/np/categories/371330\",\"data-el\":\"baby\",\"children\":\"모유촉진제\"}]}],[\"$\",\"li\",\"12\",{\"children\":[\"$\",\"a\",null,{\"href\":\"/np/categories/371331\",\"data-el\":\"baby\",\"children\":\"유두보호/젖몸살용품\"}]}],[\"$\",\"li\",\"13\",{\"className\":\"mc\",\"children\":[\"$\",\"a\",null,{\"href\":\"/np/categories/371332\",\"children\":\"더보기\"}]}]]}]]}],[\"$\",\"li\",\"6\",{\"children\":[[\"$\",\"a\",null,{\"href\":\"/np/categories/334841\",\"data-el\":\"baby\",\"children\":[\"이유용품/유아식기\",[\"$\",\"i\",null,{\"className\":\"si\"}]]}],[\"$\",\"ul\",null,{\"className\":\"tdl\",\"children\":[[\"$\",\"li\",\"0\",{\"children\":[\"$\",\"a\",null,{\"href\":\"/np/categories/334842\",\"data-el\":\"baby\",\"children\":\"이유식용품\"}]}],[\"$\",\"li\",\"1\",{\"children\":[\"$\",\"a\",null,{\"href\":\"/np/categories/334871\",\"data-el\":\"baby\",\"children\":\"턱받이\"}]}],[\"$\",\"li\",\"2\",{\"children\":[\"$\",\"a\",null,{\"href\":\"/np/categories/371346\",\"data-el\":\"baby\",\"children\":\"빨대컵/유아컵\"}]}],[\"$\",\"li\",\"3\",{\"children\":[\"$\",\"a\",null,{\"href\":\"/np/categories/446109\",\"data-el\":\"baby\",\"children\":\"유아식기/캐릭터식기\"}]}],[\"$\",\"li\",\"4\",{\"children\":[\"$\",\"a\",null,{\"href\":\"/np/categories/446119\",\"data-el\":\"baby\",\"children\":\"도시락/물병/보냉백\"}]}],[\"$\",\"li\",\"5\",{\"children\":[\"$\",\"a\",null,{\"href\":\"/np/categories/334854\",\"data-el\":\"baby\",\"children\":\"스푼/포크/젓가락\"}]}],[\"$\",\"li\",\"6\",{\"children\":[\"$\",\"a\",null,{\"href\":\"/np/categories/334873\",\"data-el\":\"baby\",\"children\":\"유아식탁/부스터\"}]}]]}]]}],[\"$\",\"li\",\"7\",{\"children\":[[\"$\",\"a\",null,{\"href\":\"/np/categories/381717\",\"data-el\":\"baby\",\"children\":[\"아기띠/외출용품\",[\"$\",\"i\",null,{\"className\":\"si\"}]]}],[\"$\",\"ul\",null,{\"className\":\"tdl\",\"children\":[[\"$\",\"li\",\"0\",{\"children\":[\"$\",\"a\",null,{\"href\":\"/np/categories/509152\",\"data-el\":\"baby\",\"children\":\"아기띠\"}]}],[\"$\",\"li\",\"1\",{\"children\":[\"$\",\"a\",null,{\"href\":\"/np/categories/509153\",\"data-el\":\"baby\",\"children\":\"올인원 아기띠\"}]}],[\"$\",\"li\",\"2\",{\"children\":[\"$\",\"a\",null,{\"href\":\"/np/categories/509154\",\"data-el\":\"baby\",\"children\":\"힙시트\"}]}],[\"$\",\"li\",\"3\",{\"children\":[\"$\",\"a\",null,{\"href\":\"/np/categories/509155\",\"data-el\":\"baby\",\"children\":\"트레킹캐리어\"}]}],[\"$\",\"li\",\"4\",{\"children\":[\"$\",\"a\",null,{\"href\":\"/np/categories/381723\",\"data-el\":\"baby\",\"children\":\"포대기/처네\"}]}],[\"$\",\"li\",\"5\",{\"children\":[\"$\",\"a\",null,{\"href\":\"/np/categories/381724\",\"data-el\":\"baby\",\"children\":\"슬링\"}]}],[\"$\",\"li\",\"6\",{\"children\":[\"$\",\"a\",null,{\"href\":\"/np/categories/381725\",\"data-el\":\"baby\",\"children\":\"아기띠액세서리\"}]}],[\"$\",\"li\",\"7\",{\"children\":[\"$\",\"a\",null,{\"href\":\"/np/categories/403105\",\"data-el\":\"baby\",\"children\":\"기저귀가방\"}]}],[\"$\",\"li\",\"8\",{\"children\":[\"$\",\"a\",null,{\"href\":\"/np/categories/403106\",\"data-el\":\"baby\",\"children\":\"기저귀/약파우치\"}]}],[\"$\",\"li\",\"9\",{\"children\":[\"$\",\"a\",null,{\"href\":\"/np/categories/403107\",\"data-el\":\"baby\",\"children\":\"보냉백/런치백\"}]}]]}]]}],[\"$\",\"li\",\"8\",{\"children\":[[\"$\",\"a\",null,{\"href\":\"/np/categories/381650\",\"data-el\":\"baby\",\"children\":[\"유모차/웨건\",[\"$\",\"i\",null,{\"className\":\"si\"}]]}],[\"$\",\"ul\",null,{\"className\":\"tdl\",\"children\":[[\"$\",\"li\",\"0\",{\"children\":[\"$\",\"a\",null,{\"href\":\"/np/categories/381651\",\"data-el\":\"baby\",\"children\":\"디럭스유모차\"}]}],[\"$\",\"li\",\"1\",{\"children\":[\"$\",\"a\",null,{\"href\":\"/np/categories/381652\",\"data-el\":\"baby\",\"children\":\"절충형유모차\"}]}],[\"$\",\"li\",\"2\",{\"children\":[\"$\",\"a\",null,{\"href\":\"/np/categories/381653\",\"data-el\":\"baby\",\"children\":\"휴대용유모차\"}]}],[\"$\",\"li\",\"3\",{\"children\":[\"$\",\"a\",null,{\"href\":\"/np/categories/381654\",\"data-el\":\"baby\",\"children\":\"쌍둥이유모차\"}]}],[\"$\",\"li\",\"4\",{\"children\":[\"$\",\"a\",null,{\"href\":\"/np/categories/381655\",\"data-el\":\"baby\",\"children\":\"웨건\"}]}],[\"$\",\"li\",\"5\",{\"children\":[\"$\",\"a\",null,{\"href\":\"/np/categories/381656\",\"data-el\":\"baby\",\"children\":\"유모차/웨건액세서리\"}]}]]}]]}],[\"$\",\"li\",\"9\",{\"children\":[[\"$\",\"a\",null,{\"href\":\"/np/categories/381697\",\"data-el\":\"baby\",\"children\":[\"카시트\",[\"$\",\"i\",null,{\"className\":\"si\"}]]}],[\"$\",\"ul\",null,{\"className\":\"tdl\",\"children\":[[\"$\",\"li\",\"0\",{\"children\":[\"$\",\"a\",null,{\"href\":\"/np/categories/381698\",\"data-el\":\"baby\",\"children\":\"신생아바구니카시트\"}]}],[\"$\",\"li\",\"1\",{\"children\":[\"$\",\"a\",null,{\"href\":\"/np/categories/381699\",\"data-el\":\"baby\",\"children\":\"영유아카시트\"}]}],[\"$\",\"li\",\"2\",{\"children\":[\"$\",\"a\",null,{\"href\":\"/np/categories/381700\",\"data-el\":\"baby\",\"children\":\"주니어카시트\"}]}],[\"$\",\"li\",\"3\",{\"children\":[\"$\",\"a\",null,{\"href\":\"/np/categories/381701\",\"data-el\":\"baby\",\"children\":\"부스터카시트\"}]}],[\"$\",\"li\",\"4\",{\"children\":[\"$\",\"a\",null,{\"href\":\"/np/categories/381702\",\"data-el\":\"baby\",\"children\":\"카시트액세서리\"}]}]]}]]}],[\"$\",\"li\",\"10\",{\"children\":[[\"$\",\"a\",null,{\"href\":\"/np/categories/221944\",\"data-el\":\"baby\",\"children\":[\"욕실용품/스킨케어\",[\"$\",\"i\",null,{\"className\":\"si\"}]]}],[\"$\",\"ul\",null,{\"className\":\"tdl\",\"children\":[[\"$\",\"li\",\"0\",{\"children\":[\"$\",\"a\",null,{\"href\":\"/np/categories/222358\",\"data-el\":\"baby\",\"children\":\"유아워시/샴푸\"}]}],[\"$\",\"li\",\"1\",{\"children\":[\"$\",\"a\",null,{\"href\":\"/np/categories/222371\",\"data-el\":\"baby\",\"children\":\"유아구강케어\"}]}],[\"$\",\"li\",\"2\",{\"children\":[\"$\",\"a\",null,{\"href\":\"/np/categories/222352\",\"data-el\":\"baby\",\"children\":\"유아스킨케어\"}]}],[\"$\",\"li\",\"3\",{\"children\":[\"$\",\"a\",null,{\"href\":\"/np/categories/222367\",\"data-el\":\"baby\",\"children\":\"기저귀크림/파우더\"}]}],[\"$\",\"li\",\"4\",{\"children\":[\"$\",\"a\",null,{\"href\":\"/np/categories/403072\",\"data-el\":\"baby\",\"children\":\"유아욕조/목욕의자\"}]}],[\"$\",\"li\",\"5\",{\"children\":[\"$\",\"a\",null,{\"href\":\"/np/categories/222377\",\"data-el\":\"baby\",\"children\":\"유아목욕용품\"}]}],[\"$\",\"li\",\"6\",{\"children\":[\"$\",\"a\",null,{\"href\":\"/np/categories/403075\",\"data-el\":\"baby\",\"children\":\"유아타올\"}]}],[\"$\",\"li\",\"7\",{\"children\":[\"$\",\"a\",null,{\"href\":\"/np/categories/403076\",\"data-el\":\"baby\",\"children\":\"유아변기\"}]}],[\"$\",\"li\",\"8\",{\"children\":[\"$\",\"a\",null,{\"href\":\"/np/categories/222395\",\"data-el\":\"baby\",\"children\":\"선케어/야외활동케어\"}]}],[\"$\",\"li\",\"9\",{\"children\":[\"$\",\"a\",null,{\"href\":\"/np/categories/222399\",\"data-el\":\"baby\",\"children\":\"어린이화장품\"}]}]]}]]}],[\"$\",\"li\",\"11\",{\"children\":[[\"$\",\"a\",null,{\"href\":\"/np/categories/221945\",\"data-el\":\"baby\",\"children\":[\"위생/건강/세제\",[\"$\",\"i\",null,{\"className\":\"si\"}]]}],[\"$\",\"ul\",null,{\"className\":\"tdl\",\"children\":[[\"$\",\"li\",\"0\",{\"children\":[\"$\",\"a\",null,{\"href\":\"/np/categories/222402\",\"data-el\":\"baby\",\"children\":\"위생용품\"}]}],[\"$\",\"li\",\"1\",{\"children\":[\"$\",\"a\",null,{\"href\":\"/np/categories/403108\",\"data-el\":\"baby\",\"children\":\"유아항균지퍼팩\"}]}],[\"$\",\"li\",\"2\",{\"children\":[\"$\",\"a\",null,{\"href\":\"/np/categories/403109\",\"data-el\":\"baby\",\"children\":\"배변훈련팬티\"}]}],[\"$\",\"li\",\"3\",{\"children\":[\"$\",\"a\",null,{\"href\":\"/np/categories/222417\",\"data-el\":\"baby\",\"children\":\"건강용품\"}]}],[\"$\",\"li\",\"4\",{\"children\":[\"$\",\"a\",null,{\"href\":\"/np/categories/403110\",\"data-el\":\"baby\",\"children\":\"유아구강용품\"}]}],[\"$\",\"li\",\"5\",{\"children\":[\"$\",\"a\",null,{\"href\":\"/np/categories/222408\",\"data-el\":\"baby\",\"children\":\"유아세제/세정제\"}]}],[\"$\",\"li\",\"6\",{\"children\":[\"$\",\"a\",null,{\"href\":\"/np/categories/403111\",\"data-el\":\"baby\",\"children\":\"야외활동용품\"}]}]]}]]}],[\"$\",\"li\",\"12\",{\"children\":[[\"$\",\"a\",null,{\"href\":\"/np/categories/221947\",\"data-el\":\"baby\",\"children\":[\"유아가구/인테리어\",[\"$\",\"i\",null,{\"className\":\"si\"}]]}],[\"$\",\"ul\",null,{\"className\":\"tdl\",\"children\":[[\"$\",\"li\",\"0\",{\"children\":[\"$\",\"a\",null,{\"href\":\"/np/categories/222457\",\"data-el\":\"baby\",\"children\":\"유아동침대\"}]}],[\"$\",\"li\",\"1\",{\"children\":[\"$\",\"a\",null,{\"href\":\"/np/categories/222464\",\"data-el\":\"baby\",\"children\":\"유아의자/소파\"}]}],[\"$\",\"li\",\"2\",{\"children\":[\"$\",\"a\",null,{\"href\":\"/np/categories/222471\",\"data-el\":\"baby\",\"children\":\"수납/정리함\"}]}],[\"$\",\"li\",\"3\",{\"children\":[\"$\",\"a\",null,{\"href\":\"/np/categories/222479\",\"data-el\":\"baby\",\"children\":\"공부상/책상\"}]}],[\"$\",\"li\",\"4\",{\"children\":[\"$\",\"a\",null,{\"href\":\"/np/categories/222482\",\"data-el\":\"baby\",\"children\":\"유아책장/책꽂이\"}]}],[\"$\",\"li\",\"5\",{\"children\":[\"$\",\"a\",null,{\"href\":\"/np/categories/222485\",\"data-el\":\"baby\",\"children\":\"수면등/수유등\"}]}],[\"$\",\"li\",\"6\",{\"children\":[\"$\",\"a\",null,{\"href\":\"/np/categories/311382\",\"data-el\":\"baby\",\"children\":\"유아키재기스티커\"}]}]]}]]}],[\"$\",\"li\",\"13\",{\"children\":[[\"$\",\"a\",null,{\"href\":\"/np/categories/221942\",\"data-el\":\"baby\",\"children\":[\"유아동침구\",[\"$\",\"i\",null,{\"className\":\"si\"}]]}],[\"$\",\"ul\",null,{\"className\":\"tdl\",\"children\":[[\"$\",\"li\",\"0\",{\"children\":[\"$\",\"a\",null,{\"href\":\"/np/categories/222195\",\"data-el\":\"baby\",\"children\":\"낮잠이불\"}]}],[\"$\",\"li\",\"1\",{\"children\":[\"$\",\"a\",null,{\"href\":\"/np/categories/222196\",\"data-el\":\"baby\",\"children\":\"겉싸개/속싸개\"}]}],[\"$\",\"li\",\"2\",{\"children\":[\"$\",\"a\",null,{\"href\":\"/np/categories/222200\",\"data-el\":\"baby\",\"children\":\"유아이불\"}]}],[\"$\",\"li\",\"3\",{\"children\":[\"$\",\"a\",null,{\"href\":\"/np/categories/222204\",\"data-el\":\"baby\",\"children\":\"베개/바디필로우\"}]}],[\"$\",\"li\",\"4\",{\"children\":[\"$\",\"a\",null,{\"href\":\"/np/categories/222211\",\"data-el\":\"baby\",\"children\":\"유아담요/블랭킷\"}]}],[\"$\",\"li\",\"5\",{\"children\":[\"$\",\"a\",null,{\"href\":\"/np/categories/222212\",\"data-el\":\"baby\",\"children\":\"유아 요/방수요\"}]}],[\"$\",\"li\",\"6\",{\"children\":[\"$\",\"a\",null,{\"href\":\"/np/categories/222216\",\"data-el\":\"baby\",\"children\":\"침구세트\"}]}]]}]]}],[\"$\",\"li\",\"14\",{\"children\":[[\"$\",\"a\",null,{\"href\":\"/np/categories/221946\",\"data-el\":\"baby\",\"children\":[\"매트/안전용품\",[\"$\",\"i\",null,{\"className\":\"si\"}]]}],[\"$\",\"ul\",null,{\"className\":\"tdl\",\"children\":[[\"$\",\"li\",\"0\",{\"children\":[\"$\",\"a\",null,{\"href\":\"/np/categories/509106\",\"data-el\":\"baby\",\"children\":\"놀이방매트\"}]}],[\"$\",\"li\",\"1\",{\"children\":[\"$\",\"a\",null,{\"href\":\"/np/categories/509107\",\"data-el\":\"baby\",\"children\":\"퍼즐매트\"}]}],[\"$\",\"li\",\"2\",{\"children\":[\"$\",\"a\",null,{\"href\":\"/np/categories/509108\",\"data-el\":\"baby\",\"children\":\"폴더매트\"}]}],[\"$\",\"li\",\"3\",{\"children\":[\"$\",\"a\",null,{\"href\":\"/np/categories/509109\",\"data-el\":\"baby\",\"children\":\"벽매트\"}]}],[\"$\",\"li\",\"4\",{\"children\":[\"$\",\"a\",null,{\"href\":\"/np/categories/509110\",\"data-el\":\"baby\",\"children\":\"DIY/시공매트\"}]}],[\"$\",\"li\",\"5\",{\"children\":[\"$\",\"a\",null,{\"href\":\"/np/categories/222433\",\"data-el\":\"baby\",\"children\":\"유아안전문\"}]}],[\"$\",\"li\",\"6\",{\"children\":[\"$\",\"a\",null,{\"href\":\"/np/categories/222436\",\"data-el\":\"baby\",\"children\":\"모서리/코너보호대\"}]}],[\"$\",\"li\",\"7\",{\"children\":[\"$\",\"a\",null,{\"href\":\"/np/categories/222437\",\"data-el\":\"baby\",\"children\":\"손낌방지용품\"}]}],[\"$\",\"li\",\"8\",{\"children\":[\"$\",\"a\",null,{\"href\":\"/np/categories/222440\",\"data-el\":\"baby\",\"children\":\"잠금장치/커버\"}]}],[\"$\",\"li\",\"9\",{\"children\":[\"$\",\"a\",null,{\"href\":\"/np/categories/222443\",\"data-el\":\"baby\",\"children\":\"미끄럼방지용품\"}]}],[\"$\",\"li\",\"10\",{\"children\":[\"$\",\"a\",null,{\"href\":\"/np/categories/222444\",\"data-el\":\"baby\",\"children\":\"침대가드\"}]}],[\"$\",\"li\",\"11\",{\"children\":[\"$\",\"a\",null,{\"href\":\"/np/categories/222445\",\"data-el\":\"baby\",\"children\":\"뒤집기방지쿠션\"}]}],[\"$\",\"li\",\"12\",{\"children\":[\"$\",\"a\",null,{\"href\":\"/np/categories/222446\",\"data-el\":\"baby\",\"children\":\"머리/무릎보호대\"}]}],[\"$\",\"li\",\"13\",{\"className\":\"mc\",\"children\":[\"$\",\"a\",null,{\"href\":\"/np/categories/222450\",\"children\":\"더보기\"}]}]]}]]}],[\"$\",\"li\",\"15\",{\"children\":[[\"$\",\"a\",null,{\"href\":\"/np/categories/349657\",\"data-el\":\"baby\",\"children\":[\"완구/교구\",[\"$\",\"i\",null,{\"className\":\"si\"}]]}],[\"$\",\"ul\",null,{\"className\":\"tdl\",\"children\":[[\"$\",\"li\",\"0\",{\"children\":[\"$\",\"a\",null,{\"href\":\"/np/campaigns/821\",\"data-el\":\"baby\",\"children\":\"연령별완구\"}]}],[\"$\",\"li\",\"1\",{\"children\":[\"$\",\"a\",null,{\"href\":\"/np/categories/349665\",\"data-el\":\"baby\",\"children\":\"캐릭터별완구\"}]}],[\"$\",\"li\",\"2\",{\"children\":[\"$\",\"a\",null,{\"href\":\"/np/categories/349686\",\"data-el\":\"baby\",\"children\":\"신생아/영아완구\"}]}],[\"$\",\"li\",\"3\",{\"children\":[\"$\",\"a\",null,{\"href\":\"/np/categories/349793\",\"data-el\":\"baby\",\"children\":\"블록놀이\"}]}],[\"$\",\"li\",\"4\",{\"children\":[\"$\",\"a\",null,{\"href\":\"/np/categories/349825\",\"data-el\":\"baby\",\"children\":\"역할놀이\"}]}],[\"$\",\"li\",\"5\",{\"children\":[\"$\",\"a\",null,{\"href\":\"/np/categories/349745\",\"data-el\":\"baby\",\"children\":\"로봇/작동완구\"}]}],[\"$\",\"li\",\"6\",{\"children\":[\"$\",\"a\",null,{\"href\":\"/np/categories/349808\",\"data-el\":\"baby\",\"children\":\"인형\"}]}],[\"$\",\"li\",\"7\",{\"children\":[\"$\",\"a\",null,{\"href\":\"/np/categories/350139\",\"data-el\":\"baby\",\"children\":\"물놀이/계절완구\"}]}],[\"$\",\"li\",\"8\",{\"children\":[\"$\",\"a\",null,{\"href\":\"/np/categories/350057\",\"data-el\":\"baby\",\"children\":\"승용완구\"}]}],[\"$\",\"li\",\"9\",{\"children\":[\"$\",\"a\",null,{\"href\":\"/np/categories/350044\",\"data-el\":\"baby\",\"children\":\"실내대형완구\"}]}],[\"$\",\"li\",\"10\",{\"children\":[\"$\",\"a\",null,{\"href\":\"/np/categories/350077\",\"data-el\":\"baby\",\"children\":\"스포츠/야외완구\"}]}],[\"$\",\"li\",\"11\",{\"children\":[\"$\",\"a\",null,{\"href\":\"/np/categories/349876\",\"data-el\":\"baby\",\"children\":\"STEAM/학습완구\"}]}],[\"$\",\"li\",\"12\",{\"children\":[\"$\",\"a\",null,{\"href\":\"/np/categories/349983\",\"data-el\":\"baby\",\"children\":\"보드게임\"}]}],[\"$\",\"li\",\"13\",{\"className\":\"mc\",\"children\":[\"$\",\"a\",null,{\"href\":\"/np/categories/496486\",\"children\":\"더보기\"}]}]]}]]}],[\"$\",\"li\",\"16\",{\"className\":\"mc\",\"children\":[\"$\",\"a\",null,{\"href\":\"/np/categories/346878\",\"children\":\"더보기\"}]}]]}],[\"$\",\"span\",null,{\"className\":\"gnb-banner\",\"style\":{\"background\":\"#FFF\"},\"data-sentry-component\":\"Banner\",\"data-sentry-source-file\":\"Banner.tsx\",\"children\":[[\"$\",\"a\",null,{\"href\":\"https://pages.coupang.com/p/145639\",\"title\":\"출산/유아동\",\"data-el\":\"baby\",\"children\":\"출산/유아동\"}],[\"$\",\"img\",null,{\"loading\":\"lazy\",\"alt\":\"출산/유아동\",\"src\":\"https://image10.coupangcdn.com/image/displayitem/displayitem_319a43ea-c376-4349-a051-6a987f92541f.jpg\"}]]}]]}]]}],[\"$\",\"li\",\"3\",{\"className\":\"food wa-category-icon\",\"data-sentry-component\":\"ThirdDepthGnb\",\"data-sentry-source-file\":\"ThirdDepthGnb.tsx\",\"children\":[[\"$\",\"a\",null,{\"href\":\"/np/categories/194276\",\"data-el\":\"food\",\"children\":[\"식품\",[\"$\",\"i\",null,{\"className\":\"si\"}]]}],[\"$\",\"div\",null,{\"className\":\"depth\",\"children\":[[\"$\",\"ul\",null,{\"className\":\"sdl\",\"children\":[[\"$\",\"li\",\"0\",{\"children\":[[\"$\",\"a\",null,{\"href\":\"/np/campaigns/1884\",\"data-el\":\"food\",\"children\":[\"수입식품관\",null]}],false]}],[\"$\",\"li\",\"1\",{\"children\":[[\"$\",\"a\",null,{\"href\":\"/np/categories/196393\",\"data-el\":\"food\",\"children\":[\"식품 선물세트\",[\"$\",\"i\",null,{\"className\":\"si\"}]]}],[\"$\",\"ul\",null,{\"className\":\"tdl\",\"children\":[[\"$\",\"li\",\"0\",{\"children\":[\"$\",\"a\",null,{\"href\":\"/np/categories/196395\",\"data-el\":\"food\",\"children\":\"과일\"}]}],[\"$\",\"li\",\"1\",{\"children\":[\"$\",\"a\",null,{\"href\":\"/np/categories/196401\",\"data-el\":\"food\",\"children\":\"나물/버섯\"}]}],[\"$\",\"li\",\"2\",{\"children\":[\"$\",\"a\",null,{\"href\":\"/np/categories/196406\",\"data-el\":\"food\",\"children\":\"견과\"}]}],[\"$\",\"li\",\"3\",{\"children\":[\"$\",\"a\",null,{\"href\":\"/np/categories/196407\",\"data-el\":\"food\",\"children\":\"정육\"}]}],[\"$\",\"li\",\"4\",{\"children\":[\"$\",\"a\",null,{\"href\":\"/np/categories/196417\",\"data-el\":\"food\",\"children\":\"수산/건어물\"}]}],[\"$\",\"li\",\"5\",{\"children\":[\"$\",\"a\",null,{\"href\":\"/np/categories/196423\",\"data-el\":\"food\",\"children\":\"커피/차/음료\"}]}],[\"$\",\"li\",\"6\",{\"children\":[\"$\",\"a\",null,{\"href\":\"/np/categories/196428\",\"data-el\":\"food\",\"children\":\"과자/간식\"}]}],[\"$\",\"li\",\"7\",{\"children\":[\"$\",\"a\",null,{\"href\":\"/np/categories/196436\",\"data-el\":\"food\",\"children\":\"즉석/가공식품\"}]}],[\"$\",\"li\",\"8\",{\"children\":[\"$\",\"a\",null,{\"href\":\"/np/categories/196444\",\"data-el\":\"food\",\"children\":\"건강\"}]}]]}]]}],[\"$\",\"li\",\"2\",{\"children\":[[\"$\",\"a\",null,{\"href\":\"/np/categories/196076\",\"data-el\":\"food\",\"children\":[\"건강식품\",[\"$\",\"i\",null,{\"className\":\"si\"}]]}],[\"$\",\"ul\",null,{\"className\":\"tdl\",\"children\":[[\"$\",\"li\",\"0\",{\"children\":[\"$\",\"a\",null,{\"href\":\"/np/campaigns/6585\",\"data-el\":\"food\",\"children\":\"건강기능식품\"}]}],[\"$\",\"li\",\"1\",{\"children\":[\"$\",\"a\",null,{\"href\":\"/np/categories/196126\",\"data-el\":\"food\",\"children\":\"홍삼/인삼\"}]}],[\"$\",\"li\",\"2\",{\"children\":[\"$\",\"a\",null,{\"href\":\"/np/categories/196136\",\"data-el\":\"food\",\"children\":\"건강즙/음료\"}]}],[\"$\",\"li\",\"3\",{\"children\":[\"$\",\"a\",null,{\"href\":\"/np/categories/306726\",\"data-el\":\"food\",\"children\":\"비타민/미네랄\"}]}],[\"$\",\"li\",\"4\",{\"children\":[\"$\",\"a\",null,{\"href\":\"/np/categories/306749\",\"data-el\":\"food\",\"children\":\"건강식품\"}]}],[\"$\",\"li\",\"5\",{\"children\":[\"$\",\"a\",null,{\"href\":\"/np/categories/306808\",\"data-el\":\"food\",\"children\":\"헬스보충식품\"}]}],[\"$\",\"li\",\"6\",{\"children\":[\"$\",\"a\",null,{\"href\":\"/np/categories/306831\",\"data-el\":\"food\",\"children\":\"다이어트/이너뷰티\"}]}],[\"$\",\"li\",\"7\",{\"children\":[\"$\",\"a\",null,{\"href\":\"/np/categories/196183\",\"data-el\":\"food\",\"children\":\"영양식/선식\"}]}],[\"$\",\"li\",\"8\",{\"children\":[\"$\",\"a\",null,{\"href\":\"/np/categories/502184\",\"data-el\":\"food\",\"children\":\"어린이 건강식품\"}]}],[\"$\",\"li\",\"9\",{\"children\":[\"$\",\"a\",null,{\"href\":\"/np/categories/196189\",\"data-el\":\"food\",\"children\":\"꿀/프로폴리스\"}]}],[\"$\",\"li\",\"10\",{\"children\":[\"$\",\"a\",null,{\"href\":\"/np/categories/196195\",\"data-el\":\"food\",\"children\":\"건강차 원물\"}]}],[\"$\",\"li\",\"11\",{\"children\":[\"$\",\"a\",null,{\"href\":\"/np/categories/196207\",\"data-el\":\"food\",\"children\":\"건강분말/건강환\"}]}],[\"$\",\"li\",\"12\",{\"children\":[\"$\",\"a\",null,{\"href\":\"/np/categories/196211\",\"data-el\":\"food\",\"children\":\"한방재료\"}]}]]}]]}],[\"$\",\"li\",\"3\",{\"children\":[[\"$\",\"a\",null,{\"href\":\"/np/categories/195006\",\"data-el\":\"food\",\"children\":[\"생수/음료\",[\"$\",\"i\",null,{\"className\":\"si\"}]]}],[\"$\",\"ul\",null,{\"className\":\"tdl\",\"children\":[[\"$\",\"li\",\"0\",{\"children\":[\"$\",\"a\",null,{\"href\":\"/np/categories/195008\",\"data-el\":\"food\",\"children\":\"생수\"}]}],[\"$\",\"li\",\"1\",{\"children\":[\"$\",\"a\",null,{\"href\":\"/np/categories/497920\",\"data-el\":\"food\",\"children\":\"탄산수\"}]}],[\"$\",\"li\",\"2\",{\"children\":[\"$\",\"a\",null,{\"href\":\"/np/categories/195015\",\"data-el\":\"food\",\"children\":\"과일/야채음료\"}]}],[\"$\",\"li\",\"3\",{\"children\":[\"$\",\"a\",null,{\"href\":\"/np/categories/195050\",\"data-el\":\"food\",\"children\":\"탄산/스포츠음료\"}]}],[\"$\",\"li\",\"4\",{\"children\":[\"$\",\"a\",null,{\"href\":\"/np/categories/195062\",\"data-el\":\"food\",\"children\":\"커피음료/차음료\"}]}],[\"$\",\"li\",\"5\",{\"children\":[\"$\",\"a\",null,{\"href\":\"/np/categories/195080\",\"data-el\":\"food\",\"children\":\"두유\"}]}],[\"$\",\"li\",\"6\",{\"children\":[\"$\",\"a\",null,{\"href\":\"/np/categories/445905\",\"data-el\":\"food\",\"children\":\"냉장우유\"}]}],[\"$\",\"li\",\"7\",{\"children\":[\"$\",\"a\",null,{\"href\":\"/np/categories/195088\",\"data-el\":\"food\",\"children\":\"멸균우유\"}]}],[\"$\",\"li\",\"8\",{\"children\":[\"$\",\"a\",null,{\"href\":\"/np/categories/195104\",\"data-el\":\"food\",\"children\":\"숙취/건강음료\"}]}],[\"$\",\"li\",\"9\",{\"children\":[\"$\",\"a\",null,{\"href\":\"/np/categories/195124\",\"data-el\":\"food\",\"children\":\"어린이음료\"}]}],[\"$\",\"li\",\"10\",{\"children\":[\"$\",\"a\",null,{\"href\":\"/np/categories/195141\",\"data-el\":\"food\",\"children\":\"음료선물세트\"}]}],[\"$\",\"li\",\"11\",{\"children\":[\"$\",\"a\",null,{\"href\":\"/np/categories/497899\",\"data-el\":\"food\",\"children\":\"무/비알콜음료\"}]}],[\"$\",\"li\",\"12\",{\"children\":[\"$\",\"a\",null,{\"href\":\"/np/categories/311357\",\"data-el\":\"food\",\"children\":\"전통주\"}]}]]}]]}],[\"$\",\"li\",\"4\",{\"children\":[[\"$\",\"a\",null,{\"href\":\"/np/categories/195142\",\"data-el\":\"food\",\"children\":[\"커피/원두/차\",[\"$\",\"i\",null,{\"className\":\"si\"}]]}],[\"$\",\"ul\",null,{\"className\":\"tdl\",\"children\":[[\"$\",\"li\",\"0\",{\"children\":[\"$\",\"a\",null,{\"href\":\"/np/categories/429888\",\"data-el\":\"food\",\"children\":\"커피믹스\"}]}],[\"$\",\"li\",\"1\",{\"children\":[\"$\",\"a\",null,{\"href\":\"/np/categories/429889\",\"data-el\":\"food\",\"children\":\"원두/생두\"}]}],[\"$\",\"li\",\"2\",{\"children\":[\"$\",\"a\",null,{\"href\":\"/np/categories/429890\",\"data-el\":\"food\",\"children\":\"캡슐/더치/티백\"}]}],[\"$\",\"li\",\"3\",{\"children\":[\"$\",\"a\",null,{\"href\":\"/np/categories/486104\",\"data-el\":\"food\",\"children\":\"녹차/메밀차\"}]}],[\"$\",\"li\",\"4\",{\"children\":[\"$\",\"a\",null,{\"href\":\"/np/categories/195168\",\"data-el\":\"food\",\"children\":\"둥글레/옥수수차\"}]}],[\"$\",\"li\",\"5\",{\"children\":[\"$\",\"a\",null,{\"href\":\"/np/categories/195172\",\"data-el\":\"food\",\"children\":\"보리/우엉/결명자\"}]}],[\"$\",\"li\",\"6\",{\"children\":[\"$\",\"a\",null,{\"href\":\"/np/categories/486111\",\"data-el\":\"food\",\"children\":\"도라지/작두콩차\"}]}],[\"$\",\"li\",\"7\",{\"children\":[\"$\",\"a\",null,{\"href\":\"/np/categories/486114\",\"data-el\":\"food\",\"children\":\"홍차/밀크티\"}]}],[\"$\",\"li\",\"8\",{\"children\":[\"$\",\"a\",null,{\"href\":\"/np/categories/486118\",\"data-el\":\"food\",\"children\":\"유자/과일차\"}]}],[\"$\",\"li\",\"9\",{\"children\":[\"$\",\"a\",null,{\"href\":\"/np/categories/486131\",\"data-el\":\"food\",\"children\":\"율무/전통차\"}]}],[\"$\",\"li\",\"10\",{\"children\":[\"$\",\"a\",null,{\"href\":\"/np/categories/195232\",\"data-el\":\"food\",\"children\":\"허브/콤부/꽃차\"}]}],[\"$\",\"li\",\"11\",{\"children\":[\"$\",\"a\",null,{\"href\":\"/np/categories/195254\",\"data-el\":\"food\",\"children\":\"코코아/라떼/기타분말\"}]}],[\"$\",\"li\",\"12\",{\"children\":[\"$\",\"a\",null,{\"href\":\"/np/categories/195262\",\"data-el\":\"food\",\"children\":\"커피/차 선물세트\"}]}],[\"$\",\"li\",\"13\",{\"className\":\"mc\",\"children\":[\"$\",\"a\",null,{\"href\":\"/np/categories/509581\",\"children\":\"더보기\"}]}]]}]]}],[\"$\",\"li\",\"5\",{\"children\":[[\"$\",\"a\",null,{\"href\":\"/np/categories/195266\",\"data-el\":\"food\",\"children\":[\"과자/초콜릿/시리얼\",[\"$\",\"i\",null,{\"className\":\"si\"}]]}],[\"$\",\"ul\",null,{\"className\":\"tdl\",\"children\":[[\"$\",\"li\",\"0\",{\"children\":[\"$\",\"a\",null,{\"href\":\"/np/categories/195268\",\"data-el\":\"food\",\"children\":\"과자\"}]}],[\"$\",\"li\",\"1\",{\"children\":[\"$\",\"a\",null,{\"href\":\"/np/categories/195282\",\"data-el\":\"food\",\"children\":\"비스킷/크래커\"}]}],[\"$\",\"li\",\"2\",{\"children\":[\"$\",\"a\",null,{\"href\":\"/np/categories/195291\",\"data-el\":\"food\",\"children\":\"쿠키/파이\"}]}],[\"$\",\"li\",\"3\",{\"children\":[\"$\",\"a\",null,{\"href\":\"/np/categories/195398\",\"data-el\":\"food\",\"children\":\"전통과자/떡\"}]}],[\"$\",\"li\",\"4\",{\"children\":[\"$\",\"a\",null,{\"href\":\"/np/categories/195297\",\"data-el\":\"food\",\"children\":\"초콜릿\"}]}],[\"$\",\"li\",\"5\",{\"children\":[\"$\",\"a\",null,{\"href\":\"/np/categories/431978\",\"data-el\":\"food\",\"children\":\"젤리/캐러멜\"}]}],[\"$\",\"li\",\"6\",{\"children\":[\"$\",\"a\",null,{\"href\":\"/np/categories/195303\",\"data-el\":\"food\",\"children\":\"사탕/껌\"}]}],[\"$\",\"li\",\"7\",{\"children\":[\"$\",\"a\",null,{\"href\":\"/np/categories/195322\",\"data-el\":\"food\",\"children\":\"시리얼\"}]}],[\"$\",\"li\",\"8\",{\"children\":[\"$\",\"a\",null,{\"href\":\"/np/categories/195328\",\"data-el\":\"food\",\"children\":\"베이커리/잼\"}]}],[\"$\",\"li\",\"9\",{\"children\":[\"$\",\"a\",null,{\"href\":\"/np/categories/195388\",\"data-el\":\"food\",\"children\":\"육포/원물간식\"}]}],[\"$\",\"li\",\"10\",{\"children\":[\"$\",\"a\",null,{\"href\":\"/np/categories/195428\",\"data-el\":\"food\",\"children\":\"과자/간식세트\"}]}],[\"$\",\"li\",\"11\",{\"children\":[\"$\",\"a\",null,{\"href\":\"/np/categories/497936\",\"data-el\":\"food\",\"children\":\"어린이간식\"}]}]]}]]}],[\"$\",\"li\",\"6\",{\"children\":[[\"$\",\"a\",null,{\"href\":\"/np/categories/194373\",\"data-el\":\"food\",\"children\":[\"견과/건과\",[\"$\",\"i\",null,{\"className\":\"si\"}]]}],[\"$\",\"ul\",null,{\"className\":\"tdl\",\"children\":[[\"$\",\"li\",\"0\",{\"children\":[\"$\",\"a\",null,{\"href\":\"/np/categories/194376\",\"data-el\":\"food\",\"children\":\"땅콩/호두\"}]}],[\"$\",\"li\",\"1\",{\"children\":[\"$\",\"a\",null,{\"href\":\"/np/categories/194381\",\"data-el\":\"food\",\"children\":\"밤/잣/은행\"}]}],[\"$\",\"li\",\"2\",{\"children\":[\"$\",\"a\",null,{\"href\":\"/np/categories/194387\",\"data-el\":\"food\",\"children\":\"아몬드/피스타치오\"}]}],[\"$\",\"li\",\"3\",{\"children\":[\"$\",\"a\",null,{\"href\":\"/np/categories/194392\",\"data-el\":\"food\",\"children\":\"기타견과류\"}]}],[\"$\",\"li\",\"4\",{\"children\":[\"$\",\"a\",null,{\"href\":\"/np/categories/194401\",\"data-el\":\"food\",\"children\":\"호박씨/해바라기씨\"}]}],[\"$\",\"li\",\"5\",{\"children\":[\"$\",\"a\",null,{\"href\":\"/np/categories/194405\",\"data-el\":\"food\",\"children\":\"기타씨앗\"}]}],[\"$\",\"li\",\"6\",{\"children\":[\"$\",\"a\",null,{\"href\":\"/np/categories/194407\",\"data-el\":\"food\",\"children\":\"혼합견과/세트\"}]}],[\"$\",\"li\",\"7\",{\"children\":[\"$\",\"a\",null,{\"href\":\"/np/categories/194411\",\"data-el\":\"food\",\"children\":\"건과일/건채소\"}]}],[\"$\",\"li\",\"8\",{\"children\":[\"$\",\"a\",null,{\"href\":\"/np/categories/394584\",\"data-el\":\"food\",\"children\":\"과일가루\"}]}]]}]]}],[\"$\",\"li\",\"7\",{\"children\":[[\"$\",\"a\",null,{\"href\":\"/np/categories/432480\",\"data-el\":\"food\",\"children\":[\"반찬/간편식/대용식\",[\"$\",\"i\",null,{\"className\":\"si\"}]]}],[\"$\",\"ul\",null,{\"className\":\"tdl\",\"children\":[[\"$\",\"li\",\"0\",{\"children\":[\"$\",\"a\",null,{\"href\":\"/np/categories/432481\",\"data-el\":\"food\",\"children\":\"샐러드/닭가슴살\"}]}],[\"$\",\"li\",\"1\",{\"children\":[\"$\",\"a\",null,{\"href\":\"/np/categories/432506\",\"data-el\":\"food\",\"children\":\"간편과일/후레쉬컷\"}]}],[\"$\",\"li\",\"2\",{\"children\":[\"$\",\"a\",null,{\"href\":\"/np/categories/432531\",\"data-el\":\"food\",\"children\":\"시리얼/쉐이크/선식\"}]}],[\"$\",\"li\",\"3\",{\"children\":[\"$\",\"a\",null,{\"href\":\"/np/categories/432554\",\"data-el\":\"food\",\"children\":\"즉석밥/도시락\"}]}],[\"$\",\"li\",\"4\",{\"children\":[\"$\",\"a\",null,{\"href\":\"/np/categories/432568\",\"data-el\":\"food\",\"children\":\"즉석죽/스프\"}]}],[\"$\",\"li\",\"5\",{\"children\":[\"$\",\"a\",null,{\"href\":\"/np/categories/432572\",\"data-el\":\"food\",\"children\":\"라면/파스타/면\"}]}],[\"$\",\"li\",\"6\",{\"children\":[\"$\",\"a\",null,{\"href\":\"/np/categories/432595\",\"data-el\":\"food\",\"children\":\"김치/반찬/김\"}]}],[\"$\",\"li\",\"7\",{\"children\":[\"$\",\"a\",null,{\"href\":\"/np/categories/432669\",\"data-el\":\"food\",\"children\":\"국/탕/찌개\"}]}],[\"$\",\"li\",\"8\",{\"children\":[\"$\",\"a\",null,{\"href\":\"/np/categories/432672\",\"data-el\":\"food\",\"children\":\"고기/해물/간편조리\"}]}],[\"$\",\"li\",\"9\",{\"children\":[\"$\",\"a\",null,{\"href\":\"/np/categories/432740\",\"data-el\":\"food\",\"children\":\"분식/튀김/피자\"}]}],[\"$\",\"li\",\"10\",{\"children\":[\"$\",\"a\",null,{\"href\":\"/np/categories/432765\",\"data-el\":\"food\",\"children\":\"햄버거/베이커리/떡\"}]}],[\"$\",\"li\",\"11\",{\"children\":[\"$\",\"a\",null,{\"href\":\"/np/categories/432814\",\"data-el\":\"food\",\"children\":\"이유식/어린이식품\"}]}]]}]]}],[\"$\",\"li\",\"8\",{\"children\":[[\"$\",\"a\",null,{\"href\":\"/np/categories/195443\",\"data-el\":\"food\",\"children\":[\"면/통조림/가공식품\",[\"$\",\"i\",null,{\"className\":\"si\"}]]}],[\"$\",\"ul\",null,{\"className\":\"tdl\",\"children\":[[\"$\",\"li\",\"0\",{\"children\":[\"$\",\"a\",null,{\"href\":\"/np/categories/486355\",\"data-el\":\"food\",\"children\":\"라면/컵라면\"}]}],[\"$\",\"li\",\"1\",{\"children\":[\"$\",\"a\",null,{\"href\":\"/np/categories/486403\",\"data-el\":\"food\",\"children\":\"면류/파스타\"}]}],[\"$\",\"li\",\"2\",{\"children\":[\"$\",\"a\",null,{\"href\":\"/np/categories/195484\",\"data-el\":\"food\",\"children\":\"참치/햄/통조림\"}]}],[\"$\",\"li\",\"3\",{\"children\":[\"$\",\"a\",null,{\"href\":\"/np/categories/486855\",\"data-el\":\"food\",\"children\":\"즉석밥/누룽지\"}]}],[\"$\",\"li\",\"4\",{\"children\":[\"$\",\"a\",null,{\"href\":\"/np/categories/486581\",\"data-el\":\"food\",\"children\":\"카레/짜장/양념\"}]}],[\"$\",\"li\",\"5\",{\"children\":[\"$\",\"a\",null,{\"href\":\"/np/categories/486582\",\"data-el\":\"food\",\"children\":\"즉석국/간편조리\"}]}]]}]]}],[\"$\",\"li\",\"9\",{\"children\":[[\"$\",\"a\",null,{\"href\":\"/np/categories/195576\",\"data-el\":\"food\",\"children\":[\"가루/조미료/오일\",[\"$\",\"i\",null,{\"className\":\"si\"}]]}],[\"$\",\"ul\",null,{\"className\":\"tdl\",\"children\":[[\"$\",\"li\",\"0\",{\"children\":[\"$\",\"a\",null,{\"href\":\"/np/categories/195578\",\"data-el\":\"food\",\"children\":\"가루/분말류\"}]}],[\"$\",\"li\",\"1\",{\"children\":[\"$\",\"a\",null,{\"href\":\"/np/categories/195621\",\"data-el\":\"food\",\"children\":\"설탕/소금/조미료\"}]}],[\"$\",\"li\",\"2\",{\"children\":[\"$\",\"a\",null,{\"href\":\"/np/categories/195669\",\"data-el\":\"food\",\"children\":\"식용유/오일\"}]}]]}]]}],[\"$\",\"li\",\"10\",{\"children\":[[\"$\",\"a\",null,{\"href\":\"/np/categories/195694\",\"data-el\":\"food\",\"children\":[\"장/소스/드레싱/식초\",[\"$\",\"i\",null,{\"className\":\"si\"}]]}],[\"$\",\"ul\",null,{\"className\":\"tdl\",\"children\":[[\"$\",\"li\",\"0\",{\"children\":[\"$\",\"a\",null,{\"href\":\"/np/categories/195696\",\"data-el\":\"food\",\"children\":\"장류\"}]}],[\"$\",\"li\",\"1\",{\"children\":[\"$\",\"a\",null,{\"href\":\"/np/categories/195716\",\"data-el\":\"food\",\"children\":\"케찹/마요네즈\"}]}],[\"$\",\"li\",\"2\",{\"children\":[\"$\",\"a\",null,{\"href\":\"/np/categories/195720\",\"data-el\":\"food\",\"children\":\"머스타드\"}]}],[\"$\",\"li\",\"3\",{\"children\":[\"$\",\"a\",null,{\"href\":\"/np/categories/195721\",\"data-el\":\"food\",\"children\":\"소스\"}]}],[\"$\",\"li\",\"4\",{\"children\":[\"$\",\"a\",null,{\"href\":\"/np/categories/195747\",\"data-el\":\"food\",\"children\":\"드레싱\"}]}],[\"$\",\"li\",\"5\",{\"children\":[\"$\",\"a\",null,{\"href\":\"/np/categories/195756\",\"data-el\":\"food\",\"children\":\"식초/미림\"}]}],[\"$\",\"li\",\"6\",{\"children\":[\"$\",\"a\",null,{\"href\":\"/np/categories/195767\",\"data-el\":\"food\",\"children\":\"물엿/올리고당/조청\"}]}],[\"$\",\"li\",\"7\",{\"children\":[\"$\",\"a\",null,{\"href\":\"/np/categories/195772\",\"data-el\":\"food\",\"children\":\"육수/액젓\"}]}],[\"$\",\"li\",\"8\",{\"children\":[\"$\",\"a\",null,{\"href\":\"/np/categories/195778\",\"data-el\":\"food\",\"children\":\"꿀\"}]}]]}]]}],[\"$\",\"li\",\"11\",{\"children\":[[\"$\",\"a\",null,{\"href\":\"/np/categories/225461\",\"data-el\":\"food\",\"children\":[\"냉장/냉동/간편요리\",[\"$\",\"i\",null,{\"className\":\"si\"}]]}],[\"$\",\"ul\",null,{\"className\":\"tdl\",\"children\":[[\"$\",\"li\",\"0\",{\"children\":[\"$\",\"a\",null,{\"href\":\"/np/categories/486687\",\"data-el\":\"food\",\"children\":\"밀키트\"}]}],[\"$\",\"li\",\"1\",{\"children\":[\"$\",\"a\",null,{\"href\":\"/np/categories/446032\",\"data-el\":\"food\",\"children\":\"즉석밥/볶음밥\"}]}],[\"$\",\"li\",\"2\",{\"children\":[\"$\",\"a\",null,{\"href\":\"/np/categories/446035\",\"data-el\":\"food\",\"children\":\"즉석국/탕/찌개\"}]}],[\"$\",\"li\",\"3\",{\"children\":[\"$\",\"a\",null,{\"href\":\"/np/categories/225504\",\"data-el\":\"food\",\"children\":\"고기/해물/기타요리\"}]}],[\"$\",\"li\",\"4\",{\"children\":[\"$\",\"a\",null,{\"href\":\"/np/categories/446038\",\"data-el\":\"food\",\"children\":\"면류\"}]}],[\"$\",\"li\",\"5\",{\"children\":[\"$\",\"a\",null,{\"href\":\"/np/categories/446051\",\"data-el\":\"food\",\"children\":\"떡류\"}]}],[\"$\",\"li\",\"6\",{\"children\":[\"$\",\"a\",null,{\"href\":\"/np/categories/225481\",\"data-el\":\"food\",\"children\":\"만두/돈까스/치킨\"}]}],[\"$\",\"li\",\"7\",{\"children\":[\"$\",\"a\",null,{\"href\":\"/np/categories/225491\",\"data-el\":\"food\",\"children\":\"분식/피자/핫도그\"}]}],[\"$\",\"li\",\"8\",{\"children\":[\"$\",\"a\",null,{\"href\":\"/np/categories/225537\",\"data-el\":\"food\",\"children\":\"김치/젓갈/장류\"}]}],[\"$\",\"li\",\"9\",{\"children\":[\"$\",\"a\",null,{\"href\":\"/np/categories/225576\",\"data-el\":\"food\",\"children\":\"반찬/절임\"}]}],[\"$\",\"li\",\"10\",{\"children\":[\"$\",\"a\",null,{\"href\":\"/np/categories/225609\",\"data-el\":\"food\",\"children\":\"햄/어묵/맛살\"}]}],[\"$\",\"li\",\"11\",{\"children\":[\"$\",\"a\",null,{\"href\":\"/np/categories/225626\",\"data-el\":\"food\",\"children\":\"두부/샐러드/도시락\"}]}]]}]]}],[\"$\",\"li\",\"12\",{\"children\":[[\"$\",\"a\",null,{\"href\":\"/np/categories/194282\",\"data-el\":\"food\",\"children\":[\"과일\",[\"$\",\"i\",null,{\"className\":\"si\"}]]}],[\"$\",\"ul\",null,{\"className\":\"tdl\",\"children\":[[\"$\",\"li\",\"0\",{\"children\":[\"$\",\"a\",null,{\"href\":\"/np/categories/194284\",\"data-el\":\"food\",\"children\":\"사과/배\"}]}],[\"$\",\"li\",\"1\",{\"children\":[\"$\",\"a\",null,{\"href\":\"/np/categories/194288\",\"data-el\":\"food\",\"children\":\"귤/한라봉/감귤류\"}]}],[\"$\",\"li\",\"2\",{\"children\":[\"$\",\"a\",null,{\"href\":\"/np/categories/194294\",\"data-el\":\"food\",\"children\":\"감/홍시/곶감\"}]}],[\"$\",\"li\",\"3\",{\"children\":[\"$\",\"a\",null,{\"href\":\"/np/categories/194300\",\"data-el\":\"food\",\"children\":\"키위/참다래\"}]}],[\"$\",\"li\",\"4\",{\"children\":[\"$\",\"a\",null,{\"href\":\"/np/categories/194306\",\"data-el\":\"food\",\"children\":\"토마토/자두/복숭아/포도\"}]}],[\"$\",\"li\",\"5\",{\"children\":[\"$\",\"a\",null,{\"href\":\"/np/categories/194315\",\"data-el\":\"food\",\"children\":\"수박/메론/참외\"}]}],[\"$\",\"li\",\"6\",{\"children\":[\"$\",\"a\",null,{\"href\":\"/np/categories/194320\",\"data-el\":\"food\",\"children\":\"딸기/블루베리/베리류\"}]}],[\"$\",\"li\",\"7\",{\"children\":[\"$\",\"a\",null,{\"href\":\"/np/categories/194326\",\"data-el\":\"food\",\"children\":\"바나나/오렌지/파인애플\"}]}],[\"$\",\"li\",\"8\",{\"children\":[\"$\",\"a\",null,{\"href\":\"/np/categories/194331\",\"data-el\":\"food\",\"children\":\"자몽/레몬/라임/석류\"}]}],[\"$\",\"li\",\"9\",{\"children\":[\"$\",\"a\",null,{\"href\":\"/np/categories/194337\",\"data-el\":\"food\",\"children\":\"망고/체리/아보카도/기타\"}]}],[\"$\",\"li\",\"10\",{\"children\":[\"$\",\"a\",null,{\"href\":\"/np/categories/194358\",\"data-el\":\"food\",\"children\":\"냉동과일/간편과일\"}]}],[\"$\",\"li\",\"11\",{\"children\":[\"$\",\"a\",null,{\"href\":\"/np/categories/194368\",\"data-el\":\"food\",\"children\":\"과일선물세트\"}]}]]}]]}],[\"$\",\"li\",\"13\",{\"children\":[[\"$\",\"a\",null,{\"href\":\"/np/categories/194688\",\"data-el\":\"food\",\"children\":[\"축산/계란\",[\"$\",\"i\",null,{\"className\":\"si\"}]]}],[\"$\",\"ul\",null,{\"className\":\"tdl\",\"children\":[[\"$\",\"li\",\"0\",{\"children\":[\"$\",\"a\",null,{\"href\":\"/np/categories/194690\",\"data-el\":\"food\",\"children\":\"소고기\"}]}],[\"$\",\"li\",\"1\",{\"children\":[\"$\",\"a\",null,{\"href\":\"/np/categories/194726\",\"data-el\":\"food\",\"children\":\"돼지고기\"}]}],[\"$\",\"li\",\"2\",{\"children\":[\"$\",\"a\",null,{\"href\":\"/np/categories/194756\",\"data-el\":\"food\",\"children\":\"닭/오리고기\"}]}],[\"$\",\"li\",\"3\",{\"children\":[\"$\",\"a\",null,{\"href\":\"/np/categories/194792\",\"data-el\":\"food\",\"children\":\"양/말고기\"}]}],[\"$\",\"li\",\"4\",{\"children\":[\"$\",\"a\",null,{\"href\":\"/np/categories/194805\",\"data-el\":\"food\",\"children\":\"기타 육고기\"}]}],[\"$\",\"li\",\"5\",{\"children\":[\"$\",\"a\",null,{\"href\":\"/np/categories/194810\",\"data-el\":\"food\",\"children\":\"계란/알류/가공란\"}]}],[\"$\",\"li\",\"6\",{\"children\":[\"$\",\"a\",null,{\"href\":\"/np/categories/194817\",\"data-el\":\"food\",\"children\":\"축산선물세트\"}]}]]}]]}],[\"$\",\"li\",\"14\",{\"children\":[[\"$\",\"a\",null,{\"href\":\"/np/categories/194432\",\"data-el\":\"food\",\"children\":[\"채소\",[\"$\",\"i\",null,{\"className\":\"si\"}]]}],[\"$\",\"ul\",null,{\"className\":\"tdl\",\"children\":[[\"$\",\"li\",\"0\",{\"children\":[\"$\",\"a\",null,{\"href\":\"/np/categories/194434\",\"data-el\":\"food\",\"children\":\"두부/콩나물\"}]}],[\"$\",\"li\",\"1\",{\"children\":[\"$\",\"a\",null,{\"href\":\"/np/categories/194445\",\"data-el\":\"food\",\"children\":\"감자/고구마\"}]}],[\"$\",\"li\",\"2\",{\"children\":[\"$\",\"a\",null,{\"href\":\"/np/categories/194454\",\"data-el\":\"food\",\"children\":\"당근/뿌리채소\"}]}],[\"$\",\"li\",\"3\",{\"children\":[\"$\",\"a\",null,{\"href\":\"/np/categories/194485\",\"data-el\":\"food\",\"children\":\"오이/고추/열매채소\"}]}],[\"$\",\"li\",\"4\",{\"children\":[\"$\",\"a\",null,{\"href\":\"/np/categories/194505\",\"data-el\":\"food\",\"children\":\"양파/마늘/파\"}]}],[\"$\",\"li\",\"5\",{\"children\":[\"$\",\"a\",null,{\"href\":\"/np/categories/194516\",\"data-el\":\"food\",\"children\":\"배추/무/김장채소\"}]}],[\"$\",\"li\",\"6\",{\"children\":[\"$\",\"a\",null,{\"href\":\"/np/categories/194537\",\"data-el\":\"food\",\"children\":\"시금치/나물/잎줄기채소\"}]}],[\"$\",\"li\",\"7\",{\"children\":[\"$\",\"a\",null,{\"href\":\"/np/categories/194569\",\"data-el\":\"food\",\"children\":\"상추/깻잎/쌈채소\"}]}],[\"$\",\"li\",\"8\",{\"children\":[\"$\",\"a\",null,{\"href\":\"/np/categories/194575\",\"data-el\":\"food\",\"children\":\"샐러드/손질채소\"}]}],[\"$\",\"li\",\"9\",{\"children\":[\"$\",\"a\",null,{\"href\":\"/np/categories/194584\",\"data-el\":\"food\",\"children\":\"새송이/버섯류\"}]}],[\"$\",\"li\",\"10\",{\"children\":[\"$\",\"a\",null,{\"href\":\"/np/categories/194603\",\"data-el\":\"food\",\"children\":\"인삼/건강차재료\"}]}],[\"$\",\"li\",\"11\",{\"children\":[\"$\",\"a\",null,{\"href\":\"/np/categories/194619\",\"data-el\":\"food\",\"children\":\"기타채소\"}]}],[\"$\",\"li\",\"12\",{\"children\":[\"$\",\"a\",null,{\"href\":\"/np/categories/194620\",\"data-el\":\"food\",\"children\":\"건나물/건채소\"}]}],[\"$\",\"li\",\"13\",{\"className\":\"mc\",\"children\":[\"$\",\"a\",null,{\"href\":\"/np/categories/194622\",\"children\":\"더보기\"}]}]]}]]}],[\"$\",\"li\",\"15\",{\"children\":[[\"$\",\"a\",null,{\"href\":\"/np/categories/194829\",\"data-el\":\"food\",\"children\":[\"수산물/건어물\",[\"$\",\"i\",null,{\"className\":\"si\"}]]}],[\"$\",\"ul\",null,{\"className\":\"tdl\",\"children\":[[\"$\",\"li\",\"0\",{\"children\":[\"$\",\"a\",null,{\"href\":\"/np/categories/194831\",\"data-el\":\"food\",\"children\":\"생선\"}]}],[\"$\",\"li\",\"1\",{\"children\":[\"$\",\"a\",null,{\"href\":\"/np/categories/194889\",\"data-el\":\"food\",\"children\":\"오징어/낙지/연체류\"}]}],[\"$\",\"li\",\"2\",{\"children\":[\"$\",\"a\",null,{\"href\":\"/np/categories/194898\",\"data-el\":\"food\",\"children\":\"새우/게/갑각류\"}]}],[\"$\",\"li\",\"3\",{\"children\":[\"$\",\"a\",null,{\"href\":\"/np/categories/194907\",\"data-el\":\"food\",\"children\":\"전복/굴/조개류\"}]}],[\"$\",\"li\",\"4\",{\"children\":[\"$\",\"a\",null,{\"href\":\"/np/categories/194931\",\"data-el\":\"food\",\"children\":\"멸치/다시팩/기타\"}]}],[\"$\",\"li\",\"5\",{\"children\":[\"$\",\"a\",null,{\"href\":\"/np/categories/194938\",\"data-el\":\"food\",\"children\":\"김/미역/해조류\"}]}],[\"$\",\"li\",\"6\",{\"children\":[\"$\",\"a\",null,{\"href\":\"/np/categories/194961\",\"data-el\":\"food\",\"children\":\"건오징어/쥐포/어포\"}]}],[\"$\",\"li\",\"7\",{\"children\":[\"$\",\"a\",null,{\"href\":\"/np/categories/194975\",\"data-el\":\"food\",\"children\":\"황태/진미채\"}]}],[\"$\",\"li\",\"8\",{\"children\":[\"$\",\"a\",null,{\"href\":\"/np/categories/194980\",\"data-el\":\"food\",\"children\":\"생선알\"}]}],[\"$\",\"li\",\"9\",{\"children\":[\"$\",\"a\",null,{\"href\":\"/np/categories/194988\",\"data-el\":\"food\",\"children\":\"기타수산물/건어물\"}]}],[\"$\",\"li\",\"10\",{\"children\":[\"$\",\"a\",null,{\"href\":\"/np/categories/195000\",\"data-el\":\"food\",\"children\":\"수산물선물세트\"}]}]]}]]}],[\"$\",\"li\",\"16\",{\"className\":\"mc\",\"children\":[\"$\",\"a\",null,{\"href\":\"/np/categories/194627\",\"children\":\"더보기\"}]}]]}],[\"$\",\"span\",null,{\"className\":\"gnb-banner\",\"style\":{\"background\":\"#FFF\"},\"data-sentry-component\":\"Banner\",\"data-sentry-source-file\":\"Banner.tsx\",\"children\":[[\"$\",\"a\",null,{\"href\":\"https://www.coupang.com/np/siteWideEvent?mlpPageId=1381\",\"title\":\"식품\",\"data-el\":\"food\",\"children\":\"식품\"}],[\"$\",\"img\",null,{\"loading\":\"lazy\",\"alt\":\"식품\",\"src\":\"https://image7.coupangcdn.com/image/displayitem/displayitem_ee84f7ce-d0e8-445a-bef1-e5aa0f054995.jpg\"}]]}]]}]]}],[\"$\",\"li\",\"4\",{\"className\":\"kitchen wa-category-icon\",\"data-sentry-component\":\"ThirdDepthGnb\",\"data-sentry-source-file\":\"ThirdDepthGnb.tsx\",\"children\":[[\"$\",\"a\",null,{\"href\":\"/np/categories/185669\",\"data-el\":\"kitchen\",\"children\":[\"주방용품\",[\"$\",\"i\",null,{\"className\":\"si\"}]]}],[\"$\",\"div\",null,{\"className\":\"depth\",\"children\":[[\"$\",\"ul\",null,{\"className\":\"sdl\",\"children\":[[\"$\",\"li\",\"0\",{\"children\":[[\"$\",\"a\",null,{\"href\":\"/np/categories/185671\",\"data-el\":\"kitchen\",\"children\":[\"냄비/프라이팬\",[\"$\",\"i\",null,{\"className\":\"si\"}]]}],[\"$\",\"ul\",null,{\"className\":\"tdl\",\"children\":[[\"$\",\"li\",\"0\",{\"children\":[\"$\",\"a\",null,{\"href\":\"/np/categories/185673\",\"data-el\":\"kitchen\",\"children\":\"냄비/뚝배기\"}]}],[\"$\",\"li\",\"1\",{\"children\":[\"$\",\"a\",null,{\"href\":\"/np/categories/185686\",\"data-el\":\"kitchen\",\"children\":\"프라이팬\"}]}],[\"$\",\"li\",\"2\",{\"children\":[\"$\",\"a\",null,{\"href\":\"/np/categories/185705\",\"data-el\":\"kitchen\",\"children\":\"냄비/프라이팬세트\"}]}],[\"$\",\"li\",\"3\",{\"children\":[\"$\",\"a\",null,{\"href\":\"/np/categories/185722\",\"data-el\":\"kitchen\",\"children\":\"찜솥/들통\"}]}],[\"$\",\"li\",\"4\",{\"children\":[\"$\",\"a\",null,{\"href\":\"/np/categories/185729\",\"data-el\":\"kitchen\",\"children\":\"압력솥/가마솥\"}]}]]}]]}],[\"$\",\"li\",\"1\",{\"children\":[[\"$\",\"a\",null,{\"href\":\"/np/categories/185976\",\"data-el\":\"kitchen\",\"children\":[\"주방조리도구\",[\"$\",\"i\",null,{\"className\":\"si\"}]]}],[\"$\",\"ul\",null,{\"className\":\"tdl\",\"children\":[[\"$\",\"li\",\"0\",{\"children\":[\"$\",\"a\",null,{\"href\":\"/np/categories/186012\",\"data-el\":\"kitchen\",\"children\":\"조리도구\"}]}],[\"$\",\"li\",\"1\",{\"children\":[\"$\",\"a\",null,{\"href\":\"/np/categories/186038\",\"data-el\":\"kitchen\",\"children\":\"조리도구세트\"}]}],[\"$\",\"li\",\"2\",{\"children\":[\"$\",\"a\",null,{\"href\":\"/np/categories/186045\",\"data-el\":\"kitchen\",\"children\":\"가위/슬라이서/스퀴져\"}]}],[\"$\",\"li\",\"3\",{\"children\":[\"$\",\"a\",null,{\"href\":\"/np/categories/186059\",\"data-el\":\"kitchen\",\"children\":\"믹싱볼/대야\"}]}],[\"$\",\"li\",\"4\",{\"children\":[\"$\",\"a\",null,{\"href\":\"/np/categories/186063\",\"data-el\":\"kitchen\",\"children\":\"채반/소쿠리\"}]}],[\"$\",\"li\",\"5\",{\"children\":[\"$\",\"a\",null,{\"href\":\"/np/categories/186067\",\"data-el\":\"kitchen\",\"children\":\"다지기/절구/밀대\"}]}],[\"$\",\"li\",\"6\",{\"children\":[\"$\",\"a\",null,{\"href\":\"/np/categories/486528\",\"data-el\":\"kitchen\",\"children\":\"석쇠/버너/화로\"}]}],[\"$\",\"li\",\"7\",{\"children\":[\"$\",\"a\",null,{\"href\":\"/np/categories/186085\",\"data-el\":\"kitchen\",\"children\":\"야채탈수기\"}]}],[\"$\",\"li\",\"8\",{\"children\":[\"$\",\"a\",null,{\"href\":\"/np/categories/407524\",\"data-el\":\"kitchen\",\"children\":\"간식/도시락조리도구\"}]}],[\"$\",\"li\",\"9\",{\"children\":[\"$\",\"a\",null,{\"href\":\"/np/categories/509037\",\"data-el\":\"kitchen\",\"children\":\"베이킹용품\"}]}],[\"$\",\"li\",\"10\",{\"children\":[\"$\",\"a\",null,{\"href\":\"/np/categories/509166\",\"data-el\":\"kitchen\",\"children\":\"칼\"}]}],[\"$\",\"li\",\"11\",{\"children\":[\"$\",\"a\",null,{\"href\":\"/np/categories/508986\",\"data-el\":\"kitchen\",\"children\":\"도마\"}]}]]}]]}],[\"$\",\"li\",\"2\",{\"children\":[[\"$\",\"a\",null,{\"href\":\"/np/categories/185735\",\"data-el\":\"kitchen\",\"children\":[\"그릇/홈세트\",[\"$\",\"i\",null,{\"className\":\"si\"}]]}],[\"$\",\"ul\",null,{\"className\":\"tdl\",\"children\":[[\"$\",\"li\",\"0\",{\"children\":[\"$\",\"a\",null,{\"href\":\"/np/categories/185737\",\"data-el\":\"kitchen\",\"children\":\"식기홈세트\"}]}],[\"$\",\"li\",\"1\",{\"children\":[\"$\",\"a\",null,{\"href\":\"/np/categories/185744\",\"data-el\":\"kitchen\",\"children\":\"그릇/식기\"}]}],[\"$\",\"li\",\"2\",{\"children\":[\"$\",\"a\",null,{\"href\":\"/np/categories/185782\",\"data-el\":\"kitchen\",\"children\":\"접시/플레이트\"}]}],[\"$\",\"li\",\"3\",{\"children\":[\"$\",\"a\",null,{\"href\":\"/np/categories/486307\",\"data-el\":\"kitchen\",\"children\":\"식탁보/테이블매트\"}]}],[\"$\",\"li\",\"4\",{\"children\":[\"$\",\"a\",null,{\"href\":\"/np/categories/185792\",\"data-el\":\"kitchen\",\"children\":\"쟁반/베드트레이\"}]}],[\"$\",\"li\",\"5\",{\"children\":[\"$\",\"a\",null,{\"href\":\"/np/categories/185764\",\"data-el\":\"kitchen\",\"children\":\"이유/유아식기\"}]}],[\"$\",\"li\",\"6\",{\"children\":[\"$\",\"a\",null,{\"href\":\"/np/categories/509147\",\"data-el\":\"kitchen\",\"children\":\"제기/제수용품\"}]}]]}]]}],[\"$\",\"li\",\"3\",{\"children\":[[\"$\",\"a\",null,{\"href\":\"/np/categories/185823\",\"data-el\":\"kitchen\",\"children\":[\"수저/커트러리\",[\"$\",\"i\",null,{\"className\":\"si\"}]]}],[\"$\",\"ul\",null,{\"className\":\"tdl\",\"children\":[[\"$\",\"li\",\"0\",{\"children\":[\"$\",\"a\",null,{\"href\":\"/np/categories/185825\",\"data-el\":\"kitchen\",\"children\":\"수저/커트러리세트\"}]}],[\"$\",\"li\",\"1\",{\"children\":[\"$\",\"a\",null,{\"href\":\"/np/categories/185831\",\"data-el\":\"kitchen\",\"children\":\"숟가락/티스푼\"}]}],[\"$\",\"li\",\"2\",{\"children\":[\"$\",\"a\",null,{\"href\":\"/np/categories/185837\",\"data-el\":\"kitchen\",\"children\":\"젓가락\"}]}],[\"$\",\"li\",\"3\",{\"children\":[\"$\",\"a\",null,{\"href\":\"/np/categories/185841\",\"data-el\":\"kitchen\",\"children\":\"포크/디저트포크\"}]}],[\"$\",\"li\",\"4\",{\"children\":[\"$\",\"a\",null,{\"href\":\"/np/categories/185846\",\"data-el\":\"kitchen\",\"children\":\"나이프\"}]}],[\"$\",\"li\",\"5\",{\"children\":[\"$\",\"a\",null,{\"href\":\"/np/categories/185852\",\"data-el\":\"kitchen\",\"children\":\"유아동수저\"}]}],[\"$\",\"li\",\"6\",{\"children\":[\"$\",\"a\",null,{\"href\":\"/np/categories/185863\",\"data-el\":\"kitchen\",\"children\":\"서빙스푼/스쿱\"}]}],[\"$\",\"li\",\"7\",{\"children\":[\"$\",\"a\",null,{\"href\":\"/np/categories/185867\",\"data-el\":\"kitchen\",\"children\":\"수저통/수저받침\"}]}]]}]]}],[\"$\",\"li\",\"4\",{\"children\":[[\"$\",\"a\",null,{\"href\":\"/np/categories/185797\",\"data-el\":\"kitchen\",\"children\":[\"컵/텀블러/와인용품\",[\"$\",\"i\",null,{\"className\":\"si\"}]]}],[\"$\",\"ul\",null,{\"className\":\"tdl\",\"children\":[[\"$\",\"li\",\"0\",{\"children\":[\"$\",\"a\",null,{\"href\":\"/np/categories/185799\",\"data-el\":\"kitchen\",\"children\":\"머그/드링크자\"}]}],[\"$\",\"li\",\"1\",{\"children\":[\"$\",\"a\",null,{\"href\":\"/np/categories/185805\",\"data-el\":\"kitchen\",\"children\":\"커피잔/찻잔\"}]}],[\"$\",\"li\",\"2\",{\"children\":[\"$\",\"a\",null,{\"href\":\"/np/categories/185804\",\"data-el\":\"kitchen\",\"children\":\"텀블러/콜드컵\"}]}],[\"$\",\"li\",\"3\",{\"children\":[\"$\",\"a\",null,{\"href\":\"/np/categories/509280\",\"data-el\":\"kitchen\",\"children\":\"유아동컵/빨대컵\"}]}],[\"$\",\"li\",\"4\",{\"children\":[\"$\",\"a\",null,{\"href\":\"/np/categories/185803\",\"data-el\":\"kitchen\",\"children\":\"물컵/주스컵/스텐컵\"}]}],[\"$\",\"li\",\"5\",{\"children\":[\"$\",\"a\",null,{\"href\":\"/np/categories/185811\",\"data-el\":\"kitchen\",\"children\":\"유리컵/맥주잔\"}]}],[\"$\",\"li\",\"6\",{\"children\":[\"$\",\"a\",null,{\"href\":\"/np/categories/508998\",\"data-el\":\"kitchen\",\"children\":\"와인용품\"}]}],[\"$\",\"li\",\"7\",{\"children\":[\"$\",\"a\",null,{\"href\":\"/np/categories/509134\",\"data-el\":\"kitchen\",\"children\":\"주류용품\"}]}],[\"$\",\"li\",\"8\",{\"children\":[\"$\",\"a\",null,{\"href\":\"/np/categories/185819\",\"data-el\":\"kitchen\",\"children\":\"컵소품\"}]}]]}]]}],[\"$\",\"li\",\"5\",{\"children\":[[\"$\",\"a\",null,{\"href\":\"/np/categories/186412\",\"data-el\":\"kitchen\",\"children\":[\"주전자/커피/티용품\",[\"$\",\"i\",null,{\"className\":\"si\"}]]}],[\"$\",\"ul\",null,{\"className\":\"tdl\",\"children\":[[\"$\",\"li\",\"0\",{\"children\":[\"$\",\"a\",null,{\"href\":\"/np/categories/508880\",\"data-el\":\"kitchen\",\"children\":\"주전자/티포트\"}]}],[\"$\",\"li\",\"1\",{\"children\":[\"$\",\"a\",null,{\"href\":\"/np/categories/186414\",\"data-el\":\"kitchen\",\"children\":\"커피용품\"}]}],[\"$\",\"li\",\"2\",{\"children\":[\"$\",\"a\",null,{\"href\":\"/np/categories/186440\",\"data-el\":\"kitchen\",\"children\":\"티용품\"}]}]]}]]}],[\"$\",\"li\",\"6\",{\"children\":[[\"$\",\"a\",null,{\"href\":\"/np/categories/186147\",\"data-el\":\"kitchen\",\"children\":[\"주방수납/정리\",[\"$\",\"i\",null,{\"className\":\"si\"}]]}],[\"$\",\"ul\",null,{\"className\":\"tdl\",\"children\":[[\"$\",\"li\",\"0\",{\"children\":[\"$\",\"a\",null,{\"href\":\"/np/categories/384929\",\"data-el\":\"kitchen\",\"children\":\"공간별수납/정리\"}]}],[\"$\",\"li\",\"1\",{\"children\":[\"$\",\"a\",null,{\"href\":\"/np/categories/186149\",\"data-el\":\"kitchen\",\"children\":\"식기건조대/선반\"}]}],[\"$\",\"li\",\"2\",{\"children\":[\"$\",\"a\",null,{\"href\":\"/np/categories/403183\",\"data-el\":\"kitchen\",\"children\":\"주방정리소품\"}]}],[\"$\",\"li\",\"3\",{\"children\":[\"$\",\"a\",null,{\"href\":\"/np/categories/509117\",\"data-el\":\"kitchen\",\"children\":\"교자상\"}]}]]}]]}],[\"$\",\"li\",\"7\",{\"children\":[[\"$\",\"a\",null,{\"href\":\"/np/categories/185872\",\"data-el\":\"kitchen\",\"children\":[\"밀폐저장/도시락\",[\"$\",\"i\",null,{\"className\":\"si\"}]]}],[\"$\",\"ul\",null,{\"className\":\"tdl\",\"children\":[[\"$\",\"li\",\"0\",{\"children\":[\"$\",\"a\",null,{\"href\":\"/np/categories/185874\",\"data-el\":\"kitchen\",\"children\":\"밀폐보관용기\"}]}],[\"$\",\"li\",\"1\",{\"children\":[\"$\",\"a\",null,{\"href\":\"/np/categories/185884\",\"data-el\":\"kitchen\",\"children\":\"특수저장용기\"}]}],[\"$\",\"li\",\"2\",{\"children\":[\"$\",\"a\",null,{\"href\":\"/np/categories/185896\",\"data-el\":\"kitchen\",\"children\":\"양념통/오일병\"}]}],[\"$\",\"li\",\"3\",{\"children\":[\"$\",\"a\",null,{\"href\":\"/np/categories/185907\",\"data-el\":\"kitchen\",\"children\":\"쌀통/잡곡통/항아리\"}]}],[\"$\",\"li\",\"4\",{\"children\":[\"$\",\"a\",null,{\"href\":\"/np/categories/185913\",\"data-el\":\"kitchen\",\"children\":\"김치통/진공항아리\"}]}],[\"$\",\"li\",\"5\",{\"children\":[\"$\",\"a\",null,{\"href\":\"/np/categories/185914\",\"data-el\":\"kitchen\",\"children\":\"물병/물통/텀블러\"}]}],[\"$\",\"li\",\"6\",{\"children\":[\"$\",\"a\",null,{\"href\":\"/np/categories/185940\",\"data-el\":\"kitchen\",\"children\":\"도시락통/가방/찬합\"}]}],[\"$\",\"li\",\"7\",{\"children\":[\"$\",\"a\",null,{\"href\":\"/np/categories/509268\",\"data-el\":\"kitchen\",\"children\":\"이유식조리보관\"}]}],[\"$\",\"li\",\"8\",{\"children\":[\"$\",\"a\",null,{\"href\":\"/np/categories/509273\",\"data-el\":\"kitchen\",\"children\":\"유아동물병/도시락\"}]}]]}]]}],[\"$\",\"li\",\"8\",{\"children\":[[\"$\",\"a\",null,{\"href\":\"/np/categories/399678\",\"data-el\":\"kitchen\",\"children\":[\"주방잡화\",[\"$\",\"i\",null,{\"className\":\"si\"}]]}],[\"$\",\"ul\",null,{\"className\":\"tdl\",\"children\":[[\"$\",\"li\",\"0\",{\"children\":[\"$\",\"a\",null,{\"href\":\"/np/categories/399679\",\"data-el\":\"kitchen\",\"children\":\"수세미/세척솔\"}]}],[\"$\",\"li\",\"1\",{\"children\":[\"$\",\"a\",null,{\"href\":\"/np/categories/399685\",\"data-el\":\"kitchen\",\"children\":\"고무장갑\"}]}],[\"$\",\"li\",\"2\",{\"children\":[\"$\",\"a\",null,{\"href\":\"/np/categories/399686\",\"data-el\":\"kitchen\",\"children\":\"행주\"}]}],[\"$\",\"li\",\"3\",{\"children\":[\"$\",\"a\",null,{\"href\":\"/np/categories/399689\",\"data-el\":\"kitchen\",\"children\":\"앞치마/오븐장갑\"}]}],[\"$\",\"li\",\"4\",{\"children\":[\"$\",\"a\",null,{\"href\":\"/np/categories/399696\",\"data-el\":\"kitchen\",\"children\":\"주방매트/다용도매트\"}]}],[\"$\",\"li\",\"5\",{\"children\":[\"$\",\"a\",null,{\"href\":\"/np/categories/399700\",\"data-el\":\"kitchen\",\"children\":\"식탁보/테이블매트\"}]}],[\"$\",\"li\",\"6\",{\"children\":[\"$\",\"a\",null,{\"href\":\"/np/categories/399705\",\"data-el\":\"kitchen\",\"children\":\"음식물쓰레기통\"}]}],[\"$\",\"li\",\"7\",{\"children\":[\"$\",\"a\",null,{\"href\":\"/np/categories/399708\",\"data-el\":\"kitchen\",\"children\":\"싱크대용품\"}]}],[\"$\",\"li\",\"8\",{\"children\":[\"$\",\"a\",null,{\"href\":\"/np/categories/399712\",\"data-el\":\"kitchen\",\"children\":\"아트보드/렌지가드\"}]}],[\"$\",\"li\",\"9\",{\"children\":[\"$\",\"a\",null,{\"href\":\"/np/categories/399716\",\"data-el\":\"kitchen\",\"children\":\"계량/저울/타이머\"}]}],[\"$\",\"li\",\"10\",{\"children\":[\"$\",\"a\",null,{\"href\":\"/np/categories/399723\",\"data-el\":\"kitchen\",\"children\":\"덮개/받침\"}]}],[\"$\",\"li\",\"11\",{\"children\":[\"$\",\"a\",null,{\"href\":\"/np/categories/399732\",\"data-el\":\"kitchen\",\"children\":\"냅킨/주방수건\"}]}],[\"$\",\"li\",\"12\",{\"children\":[\"$\",\"a\",null,{\"href\":\"/np/categories/399736\",\"data-el\":\"kitchen\",\"children\":\"오프너/병따개\"}]}],[\"$\",\"li\",\"13\",{\"className\":\"mc\",\"children\":[\"$\",\"a\",null,{\"href\":\"/np/categories/399741\",\"children\":\"더보기\"}]}]]}]]}],[\"$\",\"li\",\"9\",{\"children\":[[\"$\",\"a\",null,{\"href\":\"/np/categories/186260\",\"data-el\":\"kitchen\",\"children\":[\"일회용품/종이컵\",[\"$\",\"i\",null,{\"className\":\"si\"}]]}],[\"$\",\"ul\",null,{\"className\":\"tdl\",\"children\":[[\"$\",\"li\",\"0\",{\"children\":[\"$\",\"a\",null,{\"href\":\"/np/categories/186262\",\"data-el\":\"kitchen\",\"children\":\"랩/호일/유산지\"}]}],[\"$\",\"li\",\"1\",{\"children\":[\"$\",\"a\",null,{\"href\":\"/np/categories/276482\",\"data-el\":\"kitchen\",\"children\":\"키친타올\"}]}],[\"$\",\"li\",\"2\",{\"children\":[\"$\",\"a\",null,{\"href\":\"/np/categories/186273\",\"data-el\":\"kitchen\",\"children\":\"일회용장갑\"}]}],[\"$\",\"li\",\"3\",{\"children\":[\"$\",\"a\",null,{\"href\":\"/np/categories/186277\",\"data-el\":\"kitchen\",\"children\":\"위생백/비닐봉투\"}]}],[\"$\",\"li\",\"4\",{\"children\":[\"$\",\"a\",null,{\"href\":\"/np/categories/186285\",\"data-el\":\"kitchen\",\"children\":\"일회용컵\"}]}],[\"$\",\"li\",\"5\",{\"children\":[\"$\",\"a\",null,{\"href\":\"/np/categories/186298\",\"data-el\":\"kitchen\",\"children\":\"일회용수저\"}]}],[\"$\",\"li\",\"6\",{\"children\":[\"$\",\"a\",null,{\"href\":\"/np/categories/186305\",\"data-el\":\"kitchen\",\"children\":\"일회용용기/도시락\"}]}],[\"$\",\"li\",\"7\",{\"children\":[\"$\",\"a\",null,{\"href\":\"/np/categories/497112\",\"data-el\":\"kitchen\",\"children\":\"배달일회용용품\"}]}],[\"$\",\"li\",\"8\",{\"children\":[\"$\",\"a\",null,{\"href\":\"/np/categories/186315\",\"data-el\":\"kitchen\",\"children\":\"빨대/스트로우\"}]}],[\"$\",\"li\",\"9\",{\"children\":[\"$\",\"a\",null,{\"href\":\"/np/categories/186322\",\"data-el\":\"kitchen\",\"children\":\"기타주방일회용품\"}]}]]}]]}],[\"$\",\"li\",\"10\",{\"children\":[[\"$\",\"a\",null,{\"href\":\"/np/categories/185955\",\"data-el\":\"kitchen\",\"children\":[\"보온/보냉용품\",[\"$\",\"i\",null,{\"className\":\"si\"}]]}],[\"$\",\"ul\",null,{\"className\":\"tdl\",\"children\":[[\"$\",\"li\",\"0\",{\"children\":[\"$\",\"a\",null,{\"href\":\"/np/categories/185957\",\"data-el\":\"kitchen\",\"children\":\"보온/보냉병\"}]}],[\"$\",\"li\",\"1\",{\"children\":[\"$\",\"a\",null,{\"href\":\"/np/categories/185958\",\"data-el\":\"kitchen\",\"children\":\"보온/보냉도시락\"}]}],[\"$\",\"li\",\"2\",{\"children\":[\"$\",\"a\",null,{\"href\":\"/np/categories/185962\",\"data-el\":\"kitchen\",\"children\":\"보온죽통/푸드자\"}]}],[\"$\",\"li\",\"3\",{\"children\":[\"$\",\"a\",null,{\"href\":\"/np/categories/185963\",\"data-el\":\"kitchen\",\"children\":\"보온/보냉텀블러\"}]}],[\"$\",\"li\",\"4\",{\"children\":[\"$\",\"a\",null,{\"href\":\"/np/categories/185964\",\"data-el\":\"kitchen\",\"children\":\"보온/보냉주전자\"}]}],[\"$\",\"li\",\"5\",{\"children\":[\"$\",\"a\",null,{\"href\":\"/np/categories/185965\",\"data-el\":\"kitchen\",\"children\":\"아이스박스/아이스팩\"}]}],[\"$\",\"li\",\"6\",{\"children\":[\"$\",\"a\",null,{\"href\":\"/np/categories/185969\",\"data-el\":\"kitchen\",\"children\":\"아이스물통/워터저그\"}]}],[\"$\",\"li\",\"7\",{\"children\":[\"$\",\"a\",null,{\"href\":\"/np/categories/185970\",\"data-el\":\"kitchen\",\"children\":\"쿨러백/보온보냉소품\"}]}]]}]]}],[\"$\",\"li\",\"11\",{\"children\":[[\"$\",\"a\",null,{\"href\":\"/np/categories/429840\",\"data-el\":\"kitchen\",\"children\":[\"1인가구 주방용품\",[\"$\",\"i\",null,{\"className\":\"si\"}]]}],[\"$\",\"ul\",null,{\"className\":\"tdl\",\"children\":[[\"$\",\"li\",\"0\",{\"children\":[\"$\",\"a\",null,{\"href\":\"/np/campaigns/2346\",\"data-el\":\"kitchen\",\"children\":\"1인 식기세트\"}]}],[\"$\",\"li\",\"1\",{\"children\":[\"$\",\"a\",null,{\"href\":\"/np/categories/429842\",\"data-el\":\"kitchen\",\"children\":\"샐러드볼/시리얼볼\"}]}],[\"$\",\"li\",\"2\",{\"children\":[\"$\",\"a\",null,{\"href\":\"/np/campaigns/2159\",\"data-el\":\"kitchen\",\"children\":\"미니밥솥\"}]}],[\"$\",\"li\",\"3\",{\"children\":[\"$\",\"a\",null,{\"href\":\"/np/campaigns/2373\",\"data-el\":\"kitchen\",\"children\":\"냉동밥 보관용기\"}]}],[\"$\",\"li\",\"4\",{\"children\":[\"$\",\"a\",null,{\"href\":\"/np/categories/429847\",\"data-el\":\"kitchen\",\"children\":\"홈바\"}]}],[\"$\",\"li\",\"5\",{\"children\":[\"$\",\"a\",null,{\"href\":\"/np/categories/429853\",\"data-el\":\"kitchen\",\"children\":\"전자레인지\"}]}],[\"$\",\"li\",\"6\",{\"children\":[\"$\",\"a\",null,{\"href\":\"/np/campaigns/2369\",\"data-el\":\"kitchen\",\"children\":\"전기레인지\"}]}],[\"$\",\"li\",\"7\",{\"children\":[\"$\",\"a\",null,{\"href\":\"/np/categories/429855\",\"data-el\":\"kitchen\",\"children\":\"에어프라이어\"}]}],[\"$\",\"li\",\"8\",{\"children\":[\"$\",\"a\",null,{\"href\":\"/np/categories/429856\",\"data-el\":\"kitchen\",\"children\":\"멀티포트/티포트\"}]}],[\"$\",\"li\",\"9\",{\"children\":[\"$\",\"a\",null,{\"href\":\"/np/categories/429857\",\"data-el\":\"kitchen\",\"children\":\"핸드블렌더\"}]}],[\"$\",\"li\",\"10\",{\"children\":[\"$\",\"a\",null,{\"href\":\"/np/categories/429858\",\"data-el\":\"kitchen\",\"children\":\"토스터\"}]}],[\"$\",\"li\",\"11\",{\"children\":[\"$\",\"a\",null,{\"href\":\"/np/categories/429859\",\"data-el\":\"kitchen\",\"children\":\"냄비/프라이팬\"}]}],[\"$\",\"li\",\"12\",{\"children\":[\"$\",\"a\",null,{\"href\":\"/np/categories/429862\",\"data-el\":\"kitchen\",\"children\":\"칼/가위/도마\"}]}],[\"$\",\"li\",\"13\",{\"className\":\"mc\",\"children\":[\"$\",\"a\",null,{\"href\":\"/np/categories/429867\",\"children\":\"더보기\"}]}]]}]]}],[\"$\",\"li\",\"12\",{\"children\":[[\"$\",\"a\",null,{\"href\":\"/np/categories/186504\",\"data-el\":\"kitchen\",\"children\":[\"주방가전\",[\"$\",\"i\",null,{\"className\":\"si\"}]]}],[\"$\",\"ul\",null,{\"className\":\"tdl\",\"children\":[[\"$\",\"li\",\"0\",{\"children\":[\"$\",\"a\",null,{\"href\":\"/np/categories/186506\",\"data-el\":\"kitchen\",\"children\":\"전기밥솥\"}]}],[\"$\",\"li\",\"1\",{\"children\":[\"$\",\"a\",null,{\"href\":\"/np/categories/445266\",\"data-el\":\"kitchen\",\"children\":\"전자레인지\"}]}],[\"$\",\"li\",\"2\",{\"children\":[\"$\",\"a\",null,{\"href\":\"/np/categories/445267\",\"data-el\":\"kitchen\",\"children\":\"오븐\"}]}],[\"$\",\"li\",\"3\",{\"children\":[\"$\",\"a\",null,{\"href\":\"/np/categories/384889\",\"data-el\":\"kitchen\",\"children\":\"가스레인지\"}]}],[\"$\",\"li\",\"4\",{\"children\":[\"$\",\"a\",null,{\"href\":\"/np/categories/384890\",\"data-el\":\"kitchen\",\"children\":\"전기레인지\"}]}],[\"$\",\"li\",\"5\",{\"children\":[\"$\",\"a\",null,{\"href\":\"/np/categories/186585\",\"data-el\":\"kitchen\",\"children\":\"식기세척/건조기\"}]}],[\"$\",\"li\",\"6\",{\"children\":[\"$\",\"a\",null,{\"href\":\"/np/categories/186543\",\"data-el\":\"kitchen\",\"children\":\"믹서기/블렌더\"}]}],[\"$\",\"li\",\"7\",{\"children\":[\"$\",\"a\",null,{\"href\":\"/np/categories/186533\",\"data-el\":\"kitchen\",\"children\":\"커피메이커/머신\"}]}],[\"$\",\"li\",\"8\",{\"children\":[\"$\",\"a\",null,{\"href\":\"/np/categories/427583\",\"data-el\":\"kitchen\",\"children\":\"빙수기/제빙기\"}]}],[\"$\",\"li\",\"9\",{\"children\":[\"$\",\"a\",null,{\"href\":\"/np/categories/384907\",\"data-el\":\"kitchen\",\"children\":\"전기포트\"}]}],[\"$\",\"li\",\"10\",{\"children\":[\"$\",\"a\",null,{\"href\":\"/np/categories/445272\",\"data-el\":\"kitchen\",\"children\":\"에어프라이어\"}]}],[\"$\",\"li\",\"11\",{\"children\":[\"$\",\"a\",null,{\"href\":\"/np/categories/445273\",\"data-el\":\"kitchen\",\"children\":\"튀김기\"}]}],[\"$\",\"li\",\"12\",{\"children\":[\"$\",\"a\",null,{\"href\":\"/np/categories/445278\",\"data-el\":\"kitchen\",\"children\":\"토스터\"}]}],[\"$\",\"li\",\"13\",{\"className\":\"mc\",\"children\":[\"$\",\"a\",null,{\"href\":\"/np/categories/445279\",\"children\":\"더보기\"}]}]]}]]}]]}],[\"$\",\"span\",null,{\"className\":\"gnb-banner\",\"style\":{\"background\":\"#FFF\"},\"data-sentry-component\":\"Banner\",\"data-sentry-source-file\":\"Banner.tsx\",\"children\":[[\"$\",\"a\",null,{\"href\":\"https://www.coupang.com/np/campaigns/18867\",\"title\":\"프리미엄 키친(23/8/31~)\",\"data-el\":\"kitchen\",\"children\":\"주방용품\"}],[\"$\",\"img\",null,{\"loading\":\"lazy\",\"alt\":\"프리미엄 키친(23/8/31~)\",\"src\":\"https://image7.coupangcdn.com/image/displayitem/displayitem_99a82ab1-e6ef-4bbd-b91f-b54364bcee4c.jpg\"}]]}]]}]]}],[\"$\",\"li\",\"5\",{\"className\":\"life wa-category-icon\",\"data-sentry-component\":\"ThirdDepthGnb\",\"data-sentry-source-file\":\"ThirdDepthGnb.tsx\",\"children\":[[\"$\",\"a\",null,{\"href\":\"/np/categories/115673\",\"data-el\":\"living\",\"children\":[\"생활용품\",[\"$\",\"i\",null,{\"className\":\"si\"}]]}],[\"$\",\"div\",null,{\"className\":\"depth\",\"children\":[[\"$\",\"ul\",null,{\"className\":\"sdl\",\"children\":[[\"$\",\"li\",\"0\",{\"children\":[[\"$\",\"a\",null,{\"href\":\"/np/categories/123111\",\"data-el\":\"living\",\"children\":[\"헤어\",[\"$\",\"i\",null,{\"className\":\"si\"}]]}],[\"$\",\"ul\",null,{\"className\":\"tdl\",\"children\":[[\"$\",\"li\",\"0\",{\"children\":[\"$\",\"a\",null,{\"href\":\"/np/categories/123139\",\"data-el\":\"living\",\"children\":\"샴푸/린스\"}]}],[\"$\",\"li\",\"1\",{\"children\":[\"$\",\"a\",null,{\"href\":\"/np/categories/123170\",\"data-el\":\"living\",\"children\":\"트리트먼트/팩/앰플\"}]}],[\"$\",\"li\",\"2\",{\"children\":[\"$\",\"a\",null,{\"href\":\"/np/categories/126790\",\"data-el\":\"living\",\"children\":\"스타일링/케어/세트\"}]}],[\"$\",\"li\",\"3\",{\"children\":[\"$\",\"a\",null,{\"href\":\"/np/categories/126791\",\"data-el\":\"living\",\"children\":\"염색/파마\"}]}]]}]]}],[\"$\",\"li\",\"1\",{\"children\":[[\"$\",\"a\",null,{\"href\":\"/np/categories/509357\",\"data-el\":\"living\",\"children\":[\"바디/세안\",[\"$\",\"i\",null,{\"className\":\"si\"}]]}],[\"$\",\"ul\",null,{\"className\":\"tdl\",\"children\":[[\"$\",\"li\",\"0\",{\"children\":[\"$\",\"a\",null,{\"href\":\"/np/categories/509358\",\"data-el\":\"living\",\"children\":\"샤워/입욕용품\"}]}],[\"$\",\"li\",\"1\",{\"children\":[\"$\",\"a\",null,{\"href\":\"/np/categories/509509\",\"data-el\":\"living\",\"children\":\"바디로션/크림\"}]}],[\"$\",\"li\",\"2\",{\"children\":[\"$\",\"a\",null,{\"href\":\"/np/categories/509518\",\"data-el\":\"living\",\"children\":\"핸드/풋/데오\"}]}],[\"$\",\"li\",\"3\",{\"children\":[\"$\",\"a\",null,{\"href\":\"/np/categories/509543\",\"data-el\":\"living\",\"children\":\"제모/슬리밍/청결제\"}]}],[\"$\",\"li\",\"4\",{\"children\":[\"$\",\"a\",null,{\"href\":\"/np/categories/509562\",\"data-el\":\"living\",\"children\":\"클렌징/필링\"}]}]]}]]}],[\"$\",\"li\",\"2\",{\"children\":[[\"$\",\"a\",null,{\"href\":\"/np/categories/114471\",\"data-el\":\"living\",\"children\":[\"구강/면도\",[\"$\",\"i\",null,{\"className\":\"si\"}]]}],[\"$\",\"ul\",null,{\"className\":\"tdl\",\"children\":[[\"$\",\"li\",\"0\",{\"children\":[\"$\",\"a\",null,{\"href\":\"/np/categories/114563\",\"data-el\":\"living\",\"children\":\"면도기/날\"}]}],[\"$\",\"li\",\"1\",{\"children\":[\"$\",\"a\",null,{\"href\":\"/np/categories/114564\",\"data-el\":\"living\",\"children\":\"면도크림/젤\"}]}],[\"$\",\"li\",\"2\",{\"children\":[\"$\",\"a\",null,{\"href\":\"/np/categories/114565\",\"data-el\":\"living\",\"children\":\"치약\"}]}],[\"$\",\"li\",\"3\",{\"children\":[\"$\",\"a\",null,{\"href\":\"/np/categories/114566\",\"data-el\":\"living\",\"children\":\"칫솔\"}]}],[\"$\",\"li\",\"4\",{\"children\":[\"$\",\"a\",null,{\"href\":\"/np/categories/281742\",\"data-el\":\"living\",\"children\":\"전동칫솔/칫솔모\"}]}],[\"$\",\"li\",\"5\",{\"children\":[\"$\",\"a\",null,{\"href\":\"/np/categories/159429\",\"data-el\":\"living\",\"children\":\"치약/칫솔 세트\"}]}],[\"$\",\"li\",\"6\",{\"children\":[\"$\",\"a\",null,{\"href\":\"/np/categories/114567\",\"data-el\":\"living\",\"children\":\"구강청결제\"}]}],[\"$\",\"li\",\"7\",{\"children\":[\"$\",\"a\",null,{\"href\":\"/np/categories/114568\",\"data-el\":\"living\",\"children\":\"치실/치간칫솔\"}]}],[\"$\",\"li\",\"8\",{\"children\":[\"$\",\"a\",null,{\"href\":\"/np/categories/114569\",\"data-el\":\"living\",\"children\":\"치아미백제\"}]}],[\"$\",\"li\",\"9\",{\"children\":[\"$\",\"a\",null,{\"href\":\"/np/categories/114570\",\"data-el\":\"living\",\"children\":\"구강보조용품\"}]}]]}]]}],[\"$\",\"li\",\"3\",{\"children\":[[\"$\",\"a\",null,{\"href\":\"/np/categories/465071\",\"data-el\":\"living\",\"children\":[\"화장지/물티슈\",[\"$\",\"i\",null,{\"className\":\"si\"}]]}],[\"$\",\"ul\",null,{\"className\":\"tdl\",\"children\":[[\"$\",\"li\",\"0\",{\"children\":[\"$\",\"a\",null,{\"href\":\"/np/categories/465073\",\"data-el\":\"living\",\"children\":\"화장지\"}]}],[\"$\",\"li\",\"1\",{\"children\":[\"$\",\"a\",null,{\"href\":\"/np/categories/465074\",\"data-el\":\"living\",\"children\":\"갑티슈/여행용티슈\"}]}],[\"$\",\"li\",\"2\",{\"children\":[\"$\",\"a\",null,{\"href\":\"/np/categories/465075\",\"data-el\":\"living\",\"children\":\"물티슈/비데티슈\"}]}],[\"$\",\"li\",\"3\",{\"children\":[\"$\",\"a\",null,{\"href\":\"/np/categories/465076\",\"data-el\":\"living\",\"children\":\"키친타올\"}]}]]}]]}],[\"$\",\"li\",\"4\",{\"children\":[[\"$\",\"a\",null,{\"href\":\"/np/categories/465072\",\"data-el\":\"living\",\"children\":[\"생리대/성인용기저귀\",[\"$\",\"i\",null,{\"className\":\"si\"}]]}],[\"$\",\"ul\",null,{\"className\":\"tdl\",\"children\":[[\"$\",\"li\",\"0\",{\"children\":[\"$\",\"a\",null,{\"href\":\"/np/categories/465077\",\"data-el\":\"living\",\"children\":\"일반생리대\"}]}],[\"$\",\"li\",\"1\",{\"children\":[\"$\",\"a\",null,{\"href\":\"/np/categories/465078\",\"data-el\":\"living\",\"children\":\"오버나이트\"}]}],[\"$\",\"li\",\"2\",{\"children\":[\"$\",\"a\",null,{\"href\":\"/np/categories/465079\",\"data-el\":\"living\",\"children\":\"팬티라이너\"}]}],[\"$\",\"li\",\"3\",{\"children\":[\"$\",\"a\",null,{\"href\":\"/np/categories/465080\",\"data-el\":\"living\",\"children\":\"체내형/생리컵\"}]}],[\"$\",\"li\",\"4\",{\"children\":[\"$\",\"a\",null,{\"href\":\"/np/categories/465081\",\"data-el\":\"living\",\"children\":\"면 생리대\"}]}],[\"$\",\"li\",\"5\",{\"children\":[\"$\",\"a\",null,{\"href\":\"/np/categories/465083\",\"data-el\":\"living\",\"children\":\"산모/임산부패드\"}]}],[\"$\",\"li\",\"6\",{\"children\":[\"$\",\"a\",null,{\"href\":\"/np/categories/465084\",\"data-el\":\"living\",\"children\":\"위생/생리팬티\"}]}],[\"$\",\"li\",\"7\",{\"children\":[\"$\",\"a\",null,{\"href\":\"/np/categories/465082\",\"data-el\":\"living\",\"children\":\"성인용기저귀/패드\"}]}],[\"$\",\"li\",\"8\",{\"children\":[\"$\",\"a\",null,{\"href\":\"/np/categories/465085\",\"data-el\":\"living\",\"children\":\"여성청결제\"}]}]]}]]}],[\"$\",\"li\",\"5\",{\"children\":[[\"$\",\"a\",null,{\"href\":\"/np/categories/502258\",\"data-el\":\"living\",\"children\":[\"기저귀\",[\"$\",\"i\",null,{\"className\":\"si\"}]]}],[\"$\",\"ul\",null,{\"className\":\"tdl\",\"children\":[[\"$\",\"li\",\"0\",{\"children\":[\"$\",\"a\",null,{\"href\":\"/np/categories/502259\",\"data-el\":\"living\",\"children\":\"일회용기저귀\"}]}],[\"$\",\"li\",\"1\",{\"children\":[\"$\",\"a\",null,{\"href\":\"/np/categories/502263\",\"data-el\":\"living\",\"children\":\"수영장기저귀\"}]}],[\"$\",\"li\",\"2\",{\"children\":[\"$\",\"a\",null,{\"href\":\"/np/categories/502264\",\"data-el\":\"living\",\"children\":\"천기저귀/액세서리\"}]}],[\"$\",\"li\",\"3\",{\"children\":[\"$\",\"a\",null,{\"href\":\"/np/categories/502268\",\"data-el\":\"living\",\"children\":\"배변훈련팬티\"}]}],[\"$\",\"li\",\"4\",{\"children\":[\"$\",\"a\",null,{\"href\":\"/np/categories/502269\",\"data-el\":\"living\",\"children\":\"기저귀케익\"}]}],[\"$\",\"li\",\"5\",{\"children\":[\"$\",\"a\",null,{\"href\":\"/np/categories/502270\",\"data-el\":\"living\",\"children\":\"기저귀크림/파우더\"}]}],[\"$\",\"li\",\"6\",{\"children\":[\"$\",\"a\",null,{\"href\":\"/np/categories/502274\",\"data-el\":\"living\",\"children\":\"기저귀정리함\"}]}],[\"$\",\"li\",\"7\",{\"children\":[\"$\",\"a\",null,{\"href\":\"/np/categories/502275\",\"data-el\":\"living\",\"children\":\"기저귀매트\"}]}],[\"$\",\"li\",\"8\",{\"children\":[\"$\",\"a\",null,{\"href\":\"/np/categories/502279\",\"data-el\":\"living\",\"children\":\"기저귀통/봉투\"}]}],[\"$\",\"li\",\"9\",{\"children\":[\"$\",\"a\",null,{\"href\":\"/np/categories/502282\",\"data-el\":\"living\",\"children\":\"기저귀가방\"}]}]]}]]}],[\"$\",\"li\",\"6\",{\"children\":[[\"$\",\"a\",null,{\"href\":\"/np/categories/399742\",\"data-el\":\"living\",\"children\":[\"세탁세제\",[\"$\",\"i\",null,{\"className\":\"si\"}]]}],[\"$\",\"ul\",null,{\"className\":\"tdl\",\"children\":[[\"$\",\"li\",\"0\",{\"children\":[\"$\",\"a\",null,{\"href\":\"/np/categories/399743\",\"data-el\":\"living\",\"children\":\"액체세제\"}]}],[\"$\",\"li\",\"1\",{\"children\":[\"$\",\"a\",null,{\"href\":\"/np/categories/399744\",\"data-el\":\"living\",\"children\":\"분말세제\"}]}],[\"$\",\"li\",\"2\",{\"children\":[\"$\",\"a\",null,{\"href\":\"/np/categories/399745\",\"data-el\":\"living\",\"children\":\"캡슐세제\"}]}],[\"$\",\"li\",\"3\",{\"children\":[\"$\",\"a\",null,{\"href\":\"/np/categories/498014\",\"data-el\":\"living\",\"children\":\"시트세제\"}]}],[\"$\",\"li\",\"4\",{\"children\":[\"$\",\"a\",null,{\"href\":\"/np/categories/498015\",\"data-el\":\"living\",\"children\":\"섬유유연제\"}]}],[\"$\",\"li\",\"5\",{\"children\":[\"$\",\"a\",null,{\"href\":\"/np/categories/498016\",\"data-el\":\"living\",\"children\":\"울세제/홈드라이세제\"}]}],[\"$\",\"li\",\"6\",{\"children\":[\"$\",\"a\",null,{\"href\":\"/np/categories/564321\",\"data-el\":\"living\",\"children\":\"섬유항균제\"}]}],[\"$\",\"li\",\"7\",{\"children\":[\"$\",\"a\",null,{\"href\":\"/np/categories/399747\",\"data-el\":\"living\",\"children\":\"향기지속제\"}]}],[\"$\",\"li\",\"8\",{\"children\":[\"$\",\"a\",null,{\"href\":\"/np/categories/399748\",\"data-el\":\"living\",\"children\":\"표백제\"}]}],[\"$\",\"li\",\"9\",{\"children\":[\"$\",\"a\",null,{\"href\":\"/np/categories/399750\",\"data-el\":\"living\",\"children\":\"세탁비누\"}]}],[\"$\",\"li\",\"10\",{\"children\":[\"$\",\"a\",null,{\"href\":\"/np/categories/399751\",\"data-el\":\"living\",\"children\":\"얼룩/찌든때 제거제\"}]}],[\"$\",\"li\",\"11\",{\"children\":[\"$\",\"a\",null,{\"href\":\"/np/categories/399752\",\"data-el\":\"living\",\"children\":\"운동화/가죽크리너\"}]}],[\"$\",\"li\",\"12\",{\"children\":[\"$\",\"a\",null,{\"href\":\"/np/categories/399753\",\"data-el\":\"living\",\"children\":\"유아세제/섬유유연제\"}]}],[\"$\",\"li\",\"13\",{\"className\":\"mc\",\"children\":[\"$\",\"a\",null,{\"href\":\"/np/categories/399757\",\"children\":\"더보기\"}]}]]}]]}],[\"$\",\"li\",\"7\",{\"children\":[[\"$\",\"a\",null,{\"href\":\"/np/categories/399758\",\"data-el\":\"living\",\"children\":[\"청소/주방세제\",[\"$\",\"i\",null,{\"className\":\"si\"}]]}],[\"$\",\"ul\",null,{\"className\":\"tdl\",\"children\":[[\"$\",\"li\",\"0\",{\"children\":[\"$\",\"a\",null,{\"href\":\"/np/categories/498021\",\"data-el\":\"living\",\"children\":\"친환경/천연세제\"}]}],[\"$\",\"li\",\"1\",{\"children\":[\"$\",\"a\",null,{\"href\":\"/np/categories/399760\",\"data-el\":\"living\",\"children\":\"청소세제\"}]}],[\"$\",\"li\",\"2\",{\"children\":[\"$\",\"a\",null,{\"href\":\"/np/categories/399773\",\"data-el\":\"living\",\"children\":\"주방세제\"}]}],[\"$\",\"li\",\"3\",{\"children\":[\"$\",\"a\",null,{\"href\":\"/np/categories/399783\",\"data-el\":\"living\",\"children\":\"세제선물세트\"}]}]]}]]}],[\"$\",\"li\",\"8\",{\"children\":[[\"$\",\"a\",null,{\"href\":\"/np/categories/114472\",\"data-el\":\"living\",\"children\":[\"탈취/방향/살충\",[\"$\",\"i\",null,{\"className\":\"si\"}]]}],[\"$\",\"ul\",null,{\"className\":\"tdl\",\"children\":[[\"$\",\"li\",\"0\",{\"children\":[\"$\",\"a\",null,{\"href\":\"/np/categories/114596\",\"data-el\":\"living\",\"children\":\"탈취제\"}]}],[\"$\",\"li\",\"1\",{\"children\":[\"$\",\"a\",null,{\"href\":\"/np/categories/154294\",\"data-el\":\"living\",\"children\":\"제습제\"}]}],[\"$\",\"li\",\"2\",{\"children\":[\"$\",\"a\",null,{\"href\":\"/np/categories/114597\",\"data-el\":\"living\",\"children\":\"방향제\"}]}],[\"$\",\"li\",\"3\",{\"children\":[\"$\",\"a\",null,{\"href\":\"/np/categories/154289\",\"data-el\":\"living\",\"children\":\"캔들/디퓨저\"}]}],[\"$\",\"li\",\"4\",{\"children\":[\"$\",\"a\",null,{\"href\":\"/np/categories/363658\",\"data-el\":\"living\",\"children\":\"살충제/벌레약\"}]}],[\"$\",\"li\",\"5\",{\"children\":[\"$\",\"a\",null,{\"href\":\"/np/categories/363664\",\"data-el\":\"living\",\"children\":\"야외활동케어\"}]}],[\"$\",\"li\",\"6\",{\"children\":[\"$\",\"a\",null,{\"href\":\"/np/categories/363669\",\"data-el\":\"living\",\"children\":\"방충용품\"}]}],[\"$\",\"li\",\"7\",{\"children\":[\"$\",\"a\",null,{\"href\":\"/np/categories/363677\",\"data-el\":\"living\",\"children\":\"곰팡이/진드기\"}]}]]}]]}],[\"$\",\"li\",\"9\",{\"children\":[[\"$\",\"a\",null,{\"href\":\"/np/categories/114473\",\"data-el\":\"living\",\"children\":[\"건강/의료용품\",[\"$\",\"i\",null,{\"className\":\"si\"}]]}],[\"$\",\"ul\",null,{\"className\":\"tdl\",\"children\":[[\"$\",\"li\",\"0\",{\"children\":[\"$\",\"a\",null,{\"href\":\"/np/categories/114642\",\"data-el\":\"living\",\"children\":\"마스크\"}]}],[\"$\",\"li\",\"1\",{\"children\":[\"$\",\"a\",null,{\"href\":\"/np/categories/114650\",\"data-el\":\"living\",\"children\":\"의약외품/상비용품\"}]}],[\"$\",\"li\",\"2\",{\"children\":[\"$\",\"a\",null,{\"href\":\"/np/categories/114641\",\"data-el\":\"living\",\"children\":\"눈/렌즈용품\"}]}],[\"$\",\"li\",\"3\",{\"children\":[\"$\",\"a\",null,{\"href\":\"/np/categories/114646\",\"data-el\":\"living\",\"children\":\"코/수면용품\"}]}],[\"$\",\"li\",\"4\",{\"children\":[\"$\",\"a\",null,{\"href\":\"/np/categories/114643\",\"data-el\":\"living\",\"children\":\"자세교정/보호대\"}]}],[\"$\",\"li\",\"5\",{\"children\":[\"$\",\"a\",null,{\"href\":\"/np/categories/373491\",\"data-el\":\"living\",\"children\":\"마사지용품\"}]}],[\"$\",\"li\",\"6\",{\"children\":[\"$\",\"a\",null,{\"href\":\"/np/categories/114645\",\"data-el\":\"living\",\"children\":\"한방/찜질용품\"}]}],[\"$\",\"li\",\"7\",{\"children\":[\"$\",\"a\",null,{\"href\":\"/np/categories/114644\",\"data-el\":\"living\",\"children\":\"건강측정용품\"}]}],[\"$\",\"li\",\"8\",{\"children\":[\"$\",\"a\",null,{\"href\":\"/np/categories/114651\",\"data-el\":\"living\",\"children\":\"전문의료용품\"}]}],[\"$\",\"li\",\"9\",{\"children\":[\"$\",\"a\",null,{\"href\":\"/np/categories/114648\",\"data-el\":\"living\",\"children\":\"건강액세서리\"}]}],[\"$\",\"li\",\"10\",{\"children\":[\"$\",\"a\",null,{\"href\":\"/np/categories/114647\",\"data-el\":\"living\",\"children\":\"활동보조용품\"}]}]]}]]}],[\"$\",\"li\",\"10\",{\"children\":[[\"$\",\"a\",null,{\"href\":\"/np/categories/174692\",\"data-el\":\"living\",\"children\":[\"성인용품(19)\",[\"$\",\"i\",null,{\"className\":\"si\"}]]}],[\"$\",\"ul\",null,{\"className\":\"tdl\",\"children\":[[\"$\",\"li\",\"0\",{\"children\":[\"$\",\"a\",null,{\"href\":\"/np/categories/219159\",\"data-el\":\"living\",\"children\":\"콘돔\"}]}],[\"$\",\"li\",\"1\",{\"children\":[\"$\",\"a\",null,{\"href\":\"/np/categories/510373\",\"data-el\":\"living\",\"children\":\"러브젤\"}]}],[\"$\",\"li\",\"2\",{\"children\":[\"$\",\"a\",null,{\"href\":\"/np/categories/403213\",\"data-el\":\"living\",\"children\":\"마사지젤/오일\"}]}],[\"$\",\"li\",\"3\",{\"children\":[\"$\",\"a\",null,{\"href\":\"/np/categories/219162\",\"data-el\":\"living\",\"children\":\"성인 완구/게임(19)\"}]}],[\"$\",\"li\",\"4\",{\"children\":[\"$\",\"a\",null,{\"href\":\"/np/categories/305527\",\"data-el\":\"living\",\"children\":\"성인용품세트(19)\"}]}],[\"$\",\"li\",\"5\",{\"children\":[\"$\",\"a\",null,{\"href\":\"/np/categories/174704\",\"data-el\":\"living\",\"children\":\"성인 란제리(19)\"}]}],[\"$\",\"li\",\"6\",{\"children\":[\"$\",\"a\",null,{\"href\":\"/np/categories/247512\",\"data-el\":\"living\",\"children\":\"성인 코스튬(19)\"}]}],[\"$\",\"li\",\"7\",{\"children\":[\"$\",\"a\",null,{\"href\":\"/np/categories/219171\",\"data-el\":\"living\",\"children\":\"성인 가구(19)\"}]}],[\"$\",\"li\",\"8\",{\"children\":[\"$\",\"a\",null,{\"href\":\"/np/categories/219172\",\"data-el\":\"living\",\"children\":\"구속/처벌 용품(19)\"}]}],[\"$\",\"li\",\"9\",{\"children\":[\"$\",\"a\",null,{\"href\":\"/np/categories/174714\",\"data-el\":\"living\",\"children\":\"성인 도서/DVD(19)\"}]}],[\"$\",\"li\",\"10\",{\"children\":[\"$\",\"a\",null,{\"href\":\"/np/categories/379778\",\"data-el\":\"living\",\"children\":\"금연/흡연용품(19)\"}]}]]}]]}],[\"$\",\"li\",\"11\",{\"children\":[[\"$\",\"a\",null,{\"href\":\"/np/categories/225844\",\"data-el\":\"living\",\"children\":[\"세탁/청소용품\",[\"$\",\"i\",null,{\"className\":\"si\"}]]}],[\"$\",\"ul\",null,{\"className\":\"tdl\",\"children\":[[\"$\",\"li\",\"0\",{\"children\":[\"$\",\"a\",null,{\"href\":\"/np/categories/225845\",\"data-el\":\"living\",\"children\":\"청소용품\"}]}],[\"$\",\"li\",\"1\",{\"children\":[\"$\",\"a\",null,{\"href\":\"/np/categories/225852\",\"data-el\":\"living\",\"children\":\"밀대/청소포\"}]}],[\"$\",\"li\",\"2\",{\"children\":[\"$\",\"a\",null,{\"href\":\"/np/categories/225865\",\"data-el\":\"living\",\"children\":\"빨래건조대\"}]}],[\"$\",\"li\",\"3\",{\"children\":[\"$\",\"a\",null,{\"href\":\"/np/categories/225861\",\"data-el\":\"living\",\"children\":\"빨래용품\"}]}],[\"$\",\"li\",\"4\",{\"children\":[\"$\",\"a\",null,{\"href\":\"/np/categories/225871\",\"data-el\":\"living\",\"children\":\"휴지통\"}]}],[\"$\",\"li\",\"5\",{\"children\":[\"$\",\"a\",null,{\"href\":\"/np/categories/225866\",\"data-el\":\"living\",\"children\":\"분리수거함\"}]}],[\"$\",\"li\",\"6\",{\"children\":[\"$\",\"a\",null,{\"href\":\"/np/categories/225872\",\"data-el\":\"living\",\"children\":\"먼지제거/클리너\"}]}],[\"$\",\"li\",\"7\",{\"children\":[\"$\",\"a\",null,{\"href\":\"/np/categories/225878\",\"data-el\":\"living\",\"children\":\"세탁/다림용품\"}]}]]}]]}],[\"$\",\"li\",\"12\",{\"children\":[[\"$\",\"a\",null,{\"href\":\"/np/categories/419509\",\"data-el\":\"living\",\"children\":[\"욕실용품\",[\"$\",\"i\",null,{\"className\":\"si\"}]]}],[\"$\",\"ul\",null,{\"className\":\"tdl\",\"children\":[[\"$\",\"li\",\"0\",{\"children\":[\"$\",\"a\",null,{\"href\":\"/np/categories/419510\",\"data-el\":\"living\",\"children\":\"샤워기/헤드\"}]}],[\"$\",\"li\",\"1\",{\"children\":[\"$\",\"a\",null,{\"href\":\"/np/categories/419523\",\"data-el\":\"living\",\"children\":\"목욕/샤워용품\"}]}],[\"$\",\"li\",\"2\",{\"children\":[\"$\",\"a\",null,{\"href\":\"/np/categories/419534\",\"data-el\":\"living\",\"children\":\"수건/타월\"}]}],[\"$\",\"li\",\"3\",{\"children\":[\"$\",\"a\",null,{\"href\":\"/np/categories/419547\",\"data-el\":\"living\",\"children\":\"욕실수납/정리\"}]}],[\"$\",\"li\",\"4\",{\"children\":[\"$\",\"a\",null,{\"href\":\"/np/categories/419557\",\"data-el\":\"living\",\"children\":\"욕실화\"}]}],[\"$\",\"li\",\"5\",{\"children\":[\"$\",\"a\",null,{\"href\":\"/np/categories/419542\",\"data-el\":\"living\",\"children\":\"욕실매트/발판\"}]}],[\"$\",\"li\",\"6\",{\"children\":[\"$\",\"a\",null,{\"href\":\"/np/categories/419517\",\"data-el\":\"living\",\"children\":\"욕조\"}]}],[\"$\",\"li\",\"7\",{\"children\":[\"$\",\"a\",null,{\"href\":\"/np/categories/419559\",\"data-el\":\"living\",\"children\":\"세면대/세면기\"}]}],[\"$\",\"li\",\"8\",{\"children\":[\"$\",\"a\",null,{\"href\":\"/np/categories/419562\",\"data-el\":\"living\",\"children\":\"변기/비데용품\"}]}],[\"$\",\"li\",\"9\",{\"children\":[\"$\",\"a\",null,{\"href\":\"/np/categories/419558\",\"data-el\":\"living\",\"children\":\"욕실거울\"}]}],[\"$\",\"li\",\"10\",{\"children\":[\"$\",\"a\",null,{\"href\":\"/np/categories/419569\",\"data-el\":\"living\",\"children\":\"욕실용품/잡화\"}]}],[\"$\",\"li\",\"11\",{\"children\":[\"$\",\"a\",null,{\"href\":\"/np/campaigns/1982\",\"data-el\":\"living\",\"children\":\"유아욕실용품\"}]}],[\"$\",\"li\",\"12\",{\"children\":[\"$\",\"a\",null,{\"href\":\"/np/categories/419578\",\"data-el\":\"living\",\"children\":\"수전용품\"}]}],[\"$\",\"li\",\"13\",{\"className\":\"mc\",\"children\":[\"$\",\"a\",null,{\"href\":\"/np/categories/419582\",\"children\":\"더보기\"}]}]]}]]}],[\"$\",\"li\",\"13\",{\"children\":[[\"$\",\"a\",null,{\"href\":\"/np/categories/399909\",\"data-el\":\"living\",\"children\":[\"생활전기용품\",[\"$\",\"i\",null,{\"className\":\"si\"}]]}],[\"$\",\"ul\",null,{\"className\":\"tdl\",\"children\":[[\"$\",\"li\",\"0\",{\"children\":[\"$\",\"a\",null,{\"href\":\"/np/categories/399910\",\"data-el\":\"living\",\"children\":\"멀티탭/연장선\"}]}],[\"$\",\"li\",\"1\",{\"children\":[\"$\",\"a\",null,{\"href\":\"/np/categories/399915\",\"data-el\":\"living\",\"children\":\"전구/램프\"}]}],[\"$\",\"li\",\"2\",{\"children\":[\"$\",\"a\",null,{\"href\":\"/np/categories/399922\",\"data-el\":\"living\",\"children\":\"조명기구/부속\"}]}],[\"$\",\"li\",\"3\",{\"children\":[\"$\",\"a\",null,{\"href\":\"/np/categories/399932\",\"data-el\":\"living\",\"children\":\"전선정리용품\"}]}],[\"$\",\"li\",\"4\",{\"children\":[\"$\",\"a\",null,{\"href\":\"/np/categories/399937\",\"data-el\":\"living\",\"children\":\"전기설비/자재\"}]}],[\"$\",\"li\",\"5\",{\"children\":[\"$\",\"a\",null,{\"href\":\"/np/categories/399946\",\"data-el\":\"living\",\"children\":\"건전지/배터리\"}]}]]}]]}],[\"$\",\"li\",\"14\",{\"children\":[[\"$\",\"a\",null,{\"href\":\"/np/categories/114727\",\"data-el\":\"living\",\"children\":[\"수납/정리\",[\"$\",\"i\",null,{\"className\":\"si\"}]]}],[\"$\",\"ul\",null,{\"className\":\"tdl\",\"children\":[[\"$\",\"li\",\"0\",{\"children\":[\"$\",\"a\",null,{\"href\":\"/np/categories/115136\",\"data-el\":\"living\",\"children\":\"선반/진열대\"}]}],[\"$\",\"li\",\"1\",{\"children\":[\"$\",\"a\",null,{\"href\":\"/np/categories/115133\",\"data-el\":\"living\",\"children\":\"리빙박스\"}]}],[\"$\",\"li\",\"2\",{\"children\":[\"$\",\"a\",null,{\"href\":\"/np/categories/403207\",\"data-el\":\"living\",\"children\":\"이사박스/종이박스\"}]}],[\"$\",\"li\",\"3\",{\"children\":[\"$\",\"a\",null,{\"href\":\"/np/categories/115135\",\"data-el\":\"living\",\"children\":\"수납장/서랍장\"}]}],[\"$\",\"li\",\"4\",{\"children\":[\"$\",\"a\",null,{\"href\":\"/np/categories/115134\",\"data-el\":\"living\",\"children\":\"바구니/칸막이\"}]}],[\"$\",\"li\",\"5\",{\"children\":[\"$\",\"a\",null,{\"href\":\"/np/categories/115131\",\"data-el\":\"living\",\"children\":\"행거\"}]}],[\"$\",\"li\",\"6\",{\"children\":[\"$\",\"a\",null,{\"href\":\"/np/categories/115132\",\"data-el\":\"living\",\"children\":\"옷걸이\"}]}],[\"$\",\"li\",\"7\",{\"children\":[\"$\",\"a\",null,{\"href\":\"/np/categories/115172\",\"data-el\":\"living\",\"children\":\"압축팩/커버\"}]}],[\"$\",\"li\",\"8\",{\"children\":[\"$\",\"a\",null,{\"href\":\"/np/categories/156717\",\"data-el\":\"living\",\"children\":\"슈즈렉/우산꽂이\"}]}],[\"$\",\"li\",\"9\",{\"children\":[\"$\",\"a\",null,{\"href\":\"/np/categories/224851\",\"data-el\":\"living\",\"children\":\"수납케이스\"}]}],[\"$\",\"li\",\"10\",{\"children\":[\"$\",\"a\",null,{\"href\":\"/np/categories/225886\",\"data-el\":\"living\",\"children\":\"욕실정리용품\"}]}],[\"$\",\"li\",\"11\",{\"children\":[\"$\",\"a\",null,{\"href\":\"/np/categories/225895\",\"data-el\":\"living\",\"children\":\"휴지통/분리수거함\"}]}]]}]]}],[\"$\",\"li\",\"15\",{\"children\":[[\"$\",\"a\",null,{\"href\":\"/np/categories/105903\",\"data-el\":\"living\",\"children\":[\"주방수납/잡화\",[\"$\",\"i\",null,{\"className\":\"si\"}]]}],[\"$\",\"ul\",null,{\"className\":\"tdl\",\"children\":[[\"$\",\"li\",\"0\",{\"children\":[\"$\",\"a\",null,{\"href\":\"/np/categories/105905\",\"data-el\":\"living\",\"children\":\"주방수납\"}]}],[\"$\",\"li\",\"1\",{\"children\":[\"$\",\"a\",null,{\"href\":\"/np/categories/105916\",\"data-el\":\"living\",\"children\":\"주방세척도구\"}]}],[\"$\",\"li\",\"2\",{\"children\":[\"$\",\"a\",null,{\"href\":\"/np/categories/105931\",\"data-el\":\"living\",\"children\":\"주방잡화\"}]}],[\"$\",\"li\",\"3\",{\"children\":[\"$\",\"a\",null,{\"href\":\"/np/categories/105975\",\"data-el\":\"living\",\"children\":\"주방일회용품\"}]}]]}]]}],[\"$\",\"li\",\"16\",{\"className\":\"mc\",\"children\":[\"$\",\"a\",null,{\"href\":\"/np/categories/114729\",\"children\":\"더보기\"}]}]]}],[\"$\",\"span\",null,{\"className\":\"gnb-banner\",\"style\":{\"background\":\"#FFF\"},\"data-sentry-component\":\"Banner\",\"data-sentry-source-file\":\"Banner.tsx\",\"children\":[[\"$\",\"a\",null,{\"href\":\"https://www.coupang.com/np/siteWideEvent?mlpPageId=1379\",\"title\":\"생활용품\",\"data-el\":\"living\",\"children\":\"생활용품\"}],[\"$\",\"img\",null,{\"loading\":\"lazy\",\"alt\":\"생활용품\",\"src\":\"https://image6.coupangcdn.com/image/displayitem/displayitem_c8a8a093-a9b3-4839-95ee-a5499feb2e3b.jpg\"}]]}]]}]]}],[\"$\",\"li\",\"6\",{\"className\":\"home_decoration wa-category-icon\",\"data-sentry-component\":\"ThirdDepthGnb\",\"data-sentry-source-file\":\"ThirdDepthGnb.tsx\",\"children\":[[\"$\",\"a\",null,{\"href\":\"/np/categories/184555\",\"data-el\":\"home_decoration\",\"children\":[\"홈인테리어\",[\"$\",\"i\",null,{\"className\":\"si\"}]]}],[\"$\",\"div\",null,{\"className\":\"depth\",\"children\":[[\"$\",\"ul\",null,{\"className\":\"sdl\",\"children\":[[\"$\",\"li\",\"0\",{\"children\":[[\"$\",\"a\",null,{\"href\":\"/np/campaigns/21954\",\"data-el\":\"home_decoration\",\"children\":[\"디퓨저관\",null]}],false]}],[\"$\",\"li\",\"1\",{\"children\":[[\"$\",\"a\",null,{\"href\":\"/np/categories/184557\",\"data-el\":\"home_decoration\",\"children\":[\"가구\",[\"$\",\"i\",null,{\"className\":\"si\"}]]}],[\"$\",\"ul\",null,{\"className\":\"tdl\",\"children\":[[\"$\",\"li\",\"0\",{\"children\":[\"$\",\"a\",null,{\"href\":\"/np/categories/184559\",\"data-el\":\"home_decoration\",\"children\":\"침실가구\"}]}],[\"$\",\"li\",\"1\",{\"children\":[\"$\",\"a\",null,{\"href\":\"/np/categories/434922\",\"data-el\":\"home_decoration\",\"children\":\"드레스룸\"}]}],[\"$\",\"li\",\"2\",{\"children\":[\"$\",\"a\",null,{\"href\":\"/np/categories/184621\",\"data-el\":\"home_decoration\",\"children\":\"거실가구\"}]}],[\"$\",\"li\",\"3\",{\"children\":[\"$\",\"a\",null,{\"href\":\"/np/categories/184674\",\"data-el\":\"home_decoration\",\"children\":\"주방가구\"}]}],[\"$\",\"li\",\"4\",{\"children\":[\"$\",\"a\",null,{\"href\":\"/np/categories/184699\",\"data-el\":\"home_decoration\",\"children\":\"학생/사무용가구\"}]}],[\"$\",\"li\",\"5\",{\"children\":[\"$\",\"a\",null,{\"href\":\"/np/categories/184749\",\"data-el\":\"home_decoration\",\"children\":\"유아동가구\"}]}],[\"$\",\"li\",\"6\",{\"children\":[\"$\",\"a\",null,{\"href\":\"/np/categories/184780\",\"data-el\":\"home_decoration\",\"children\":\"야외가구\"}]}],[\"$\",\"li\",\"7\",{\"children\":[\"$\",\"a\",null,{\"href\":\"/np/categories/434961\",\"data-el\":\"home_decoration\",\"children\":\"수납가구\"}]}]]}]]}],[\"$\",\"li\",\"2\",{\"children\":[[\"$\",\"a\",null,{\"href\":\"/np/categories/184791\",\"data-el\":\"home_decoration\",\"children\":[\"수납/정리\",[\"$\",\"i\",null,{\"className\":\"si\"}]]}],[\"$\",\"ul\",null,{\"className\":\"tdl\",\"children\":[[\"$\",\"li\",\"0\",{\"children\":[\"$\",\"a\",null,{\"href\":\"/np/categories/184793\",\"data-el\":\"home_decoration\",\"children\":\"행거\"}]}],[\"$\",\"li\",\"1\",{\"children\":[\"$\",\"a\",null,{\"href\":\"/np/categories/184799\",\"data-el\":\"home_decoration\",\"children\":\"옷걸이/도어훅\"}]}],[\"$\",\"li\",\"2\",{\"children\":[\"$\",\"a\",null,{\"href\":\"/np/categories/184805\",\"data-el\":\"home_decoration\",\"children\":\"리빙박스\"}]}],[\"$\",\"li\",\"3\",{\"children\":[\"$\",\"a\",null,{\"href\":\"/np/categories/403222\",\"data-el\":\"home_decoration\",\"children\":\"바구니/바스켓\"}]}],[\"$\",\"li\",\"4\",{\"children\":[\"$\",\"a\",null,{\"href\":\"/np/categories/403223\",\"data-el\":\"home_decoration\",\"children\":\"압축팩/커버\"}]}],[\"$\",\"li\",\"5\",{\"children\":[\"$\",\"a\",null,{\"href\":\"/np/categories/184812\",\"data-el\":\"home_decoration\",\"children\":\"틈새서랍/정리함\"}]}],[\"$\",\"li\",\"6\",{\"children\":[\"$\",\"a\",null,{\"href\":\"/np/categories/184817\",\"data-el\":\"home_decoration\",\"children\":\"선반/정리대\"}]}],[\"$\",\"li\",\"7\",{\"children\":[\"$\",\"a\",null,{\"href\":\"/np/categories/184823\",\"data-el\":\"home_decoration\",\"children\":\"기타정리용품\"}]}],[\"$\",\"li\",\"8\",{\"children\":[\"$\",\"a\",null,{\"href\":\"/np/categories/379727\",\"data-el\":\"home_decoration\",\"children\":\"휴지통\"}]}]]}]]}],[\"$\",\"li\",\"3\",{\"children\":[[\"$\",\"a\",null,{\"href\":\"/np/categories/388647\",\"data-el\":\"home_decoration\",\"children\":[\"여름 침구샵\",[\"$\",\"i\",null,{\"className\":\"si\"}]]}],[\"$\",\"ul\",null,{\"className\":\"tdl\",\"children\":[[\"$\",\"li\",\"0\",{\"children\":[\"$\",\"a\",null,{\"href\":\"/np/categories/388648\",\"data-el\":\"home_decoration\",\"children\":\"이불/침구세트\"}]}],[\"$\",\"li\",\"1\",{\"children\":[\"$\",\"a\",null,{\"href\":\"/np/categories/388653\",\"data-el\":\"home_decoration\",\"children\":\"쿨매트/패드\"}]}],[\"$\",\"li\",\"2\",{\"children\":[\"$\",\"a\",null,{\"href\":\"/np/categories/388657\",\"data-el\":\"home_decoration\",\"children\":\"침구커버류\"}]}],[\"$\",\"li\",\"3\",{\"children\":[\"$\",\"a\",null,{\"href\":\"/np/categories/388664\",\"data-el\":\"home_decoration\",\"children\":\"베개\"}]}],[\"$\",\"li\",\"4\",{\"children\":[\"$\",\"a\",null,{\"href\":\"/np/categories/388698\",\"data-el\":\"home_decoration\",\"children\":\"대자리/러그/거실화\"}]}],[\"$\",\"li\",\"5\",{\"children\":[\"$\",\"a\",null,{\"href\":\"/np/categories/388707\",\"data-el\":\"home_decoration\",\"children\":\"커튼\"}]}],[\"$\",\"li\",\"6\",{\"children\":[\"$\",\"a\",null,{\"href\":\"/np/categories/388682\",\"data-el\":\"home_decoration\",\"children\":\"방석/쿠션\"}]}],[\"$\",\"li\",\"7\",{\"children\":[\"$\",\"a\",null,{\"href\":\"/np/categories/388688\",\"data-el\":\"home_decoration\",\"children\":\"모기장/안전망\"}]}],[\"$\",\"li\",\"8\",{\"children\":[\"$\",\"a\",null,{\"href\":\"/np/categories/388670\",\"data-el\":\"home_decoration\",\"children\":\"유아동침구\"}]}],[\"$\",\"li\",\"9\",{\"children\":[\"$\",\"a\",null,{\"href\":\"/np/categories/388702\",\"data-el\":\"home_decoration\",\"children\":\"문발/블라인드\"}]}]]}]]}],[\"$\",\"li\",\"4\",{\"children\":[[\"$\",\"a\",null,{\"href\":\"/np/categories/419692\",\"data-el\":\"home_decoration\",\"children\":[\"욕실용품\",[\"$\",\"i\",null,{\"className\":\"si\"}]]}],[\"$\",\"ul\",null,{\"className\":\"tdl\",\"children\":[[\"$\",\"li\",\"0\",{\"children\":[\"$\",\"a\",null,{\"href\":\"/np/categories/419693\",\"data-el\":\"home_decoration\",\"children\":\"샤워기/헤드\"}]}],[\"$\",\"li\",\"1\",{\"children\":[\"$\",\"a\",null,{\"href\":\"/np/categories/419700\",\"data-el\":\"home_decoration\",\"children\":\"목욕/샤워용품\"}]}],[\"$\",\"li\",\"2\",{\"children\":[\"$\",\"a\",null,{\"href\":\"/np/categories/419711\",\"data-el\":\"home_decoration\",\"children\":\"수건/타월\"}]}],[\"$\",\"li\",\"3\",{\"children\":[\"$\",\"a\",null,{\"href\":\"/np/categories/419719\",\"data-el\":\"home_decoration\",\"children\":\"욕실수납/정리\"}]}],[\"$\",\"li\",\"4\",{\"children\":[\"$\",\"a\",null,{\"href\":\"/np/categories/419729\",\"data-el\":\"home_decoration\",\"children\":\"욕실화\"}]}],[\"$\",\"li\",\"5\",{\"children\":[\"$\",\"a\",null,{\"href\":\"/np/categories/419730\",\"data-el\":\"home_decoration\",\"children\":\"욕실매트/발판\"}]}],[\"$\",\"li\",\"6\",{\"children\":[\"$\",\"a\",null,{\"href\":\"/np/categories/419735\",\"data-el\":\"home_decoration\",\"children\":\"욕조\"}]}],[\"$\",\"li\",\"7\",{\"children\":[\"$\",\"a\",null,{\"href\":\"/np/categories/419741\",\"data-el\":\"home_decoration\",\"children\":\"세면대/세면기\"}]}],[\"$\",\"li\",\"8\",{\"children\":[\"$\",\"a\",null,{\"href\":\"/np/categories/419744\",\"data-el\":\"home_decoration\",\"children\":\"변기/비데용품\"}]}],[\"$\",\"li\",\"9\",{\"children\":[\"$\",\"a\",null,{\"href\":\"/np/categories/419751\",\"data-el\":\"home_decoration\",\"children\":\"욕실거울\"}]}],[\"$\",\"li\",\"10\",{\"children\":[\"$\",\"a\",null,{\"href\":\"/np/categories/419752\",\"data-el\":\"home_decoration\",\"children\":\"욕실용품/잡화\"}]}],[\"$\",\"li\",\"11\",{\"children\":[\"$\",\"a\",null,{\"href\":\"/np/campaigns/1982\",\"data-el\":\"home_decoration\",\"children\":\"유아욕실용품\"}]}],[\"$\",\"li\",\"12\",{\"children\":[\"$\",\"a\",null,{\"href\":\"/np/categories/419761\",\"data-el\":\"home_decoration\",\"children\":\"수전용품\"}]}],[\"$\",\"li\",\"13\",{\"className\":\"mc\",\"children\":[\"$\",\"a\",null,{\"href\":\"/np/categories/419765\",\"children\":\"더보기\"}]}]]}]]}],[\"$\",\"li\",\"5\",{\"children\":[[\"$\",\"a\",null,{\"href\":\"/np/categories/510332\",\"data-el\":\"home_decoration\",\"children\":[\"세탁/청소용품\",[\"$\",\"i\",null,{\"className\":\"si\"}]]}],[\"$\",\"ul\",null,{\"className\":\"tdl\",\"children\":[[\"$\",\"li\",\"0\",{\"children\":[\"$\",\"a\",null,{\"href\":\"/np/categories/510333\",\"data-el\":\"home_decoration\",\"children\":\"청소용품\"}]}],[\"$\",\"li\",\"1\",{\"children\":[\"$\",\"a\",null,{\"href\":\"/np/categories/510345\",\"data-el\":\"home_decoration\",\"children\":\"밀대/청소포\"}]}],[\"$\",\"li\",\"2\",{\"children\":[\"$\",\"a\",null,{\"href\":\"/np/categories/510349\",\"data-el\":\"home_decoration\",\"children\":\"빨래건조대\"}]}],[\"$\",\"li\",\"3\",{\"children\":[\"$\",\"a\",null,{\"href\":\"/np/categories/510350\",\"data-el\":\"home_decoration\",\"children\":\"빨래용품\"}]}],[\"$\",\"li\",\"4\",{\"children\":[\"$\",\"a\",null,{\"href\":\"/np/categories/510354\",\"data-el\":\"home_decoration\",\"children\":\"휴지통\"}]}],[\"$\",\"li\",\"5\",{\"children\":[\"$\",\"a\",null,{\"href\":\"/np/categories/510355\",\"data-el\":\"home_decoration\",\"children\":\"분리수거함\"}]}],[\"$\",\"li\",\"6\",{\"children\":[\"$\",\"a\",null,{\"href\":\"/np/categories/510358\",\"data-el\":\"home_decoration\",\"children\":\"먼지제거/클리너\"}]}],[\"$\",\"li\",\"7\",{\"children\":[\"$\",\"a\",null,{\"href\":\"/np/categories/510364\",\"data-el\":\"home_decoration\",\"children\":\"세탁/다림용품\"}]}]]}]]}],[\"$\",\"li\",\"6\",{\"children\":[[\"$\",\"a\",null,{\"href\":\"/np/categories/400472\",\"data-el\":\"home_decoration\",\"children\":[\"침구\",[\"$\",\"i\",null,{\"className\":\"si\"}]]}],[\"$\",\"ul\",null,{\"className\":\"tdl\",\"children\":[[\"$\",\"li\",\"0\",{\"children\":[\"$\",\"a\",null,{\"href\":\"/np/categories/400473\",\"data-el\":\"home_decoration\",\"children\":\"이불\"}]}],[\"$\",\"li\",\"1\",{\"children\":[\"$\",\"a\",null,{\"href\":\"/np/categories/400481\",\"data-el\":\"home_decoration\",\"children\":\"요/패드\"}]}],[\"$\",\"li\",\"2\",{\"children\":[\"$\",\"a\",null,{\"href\":\"/np/categories/400491\",\"data-el\":\"home_decoration\",\"children\":\"매트\"}]}],[\"$\",\"li\",\"3\",{\"children\":[\"$\",\"a\",null,{\"href\":\"/np/categories/400495\",\"data-el\":\"home_decoration\",\"children\":\"이불솜/속\"}]}],[\"$\",\"li\",\"4\",{\"children\":[\"$\",\"a\",null,{\"href\":\"/np/categories/400501\",\"data-el\":\"home_decoration\",\"children\":\"침구커버\"}]}],[\"$\",\"li\",\"5\",{\"children\":[\"$\",\"a\",null,{\"href\":\"/np/categories/400507\",\"data-el\":\"home_decoration\",\"children\":\"침구세트\"}]}],[\"$\",\"li\",\"6\",{\"children\":[\"$\",\"a\",null,{\"href\":\"/np/categories/400512\",\"data-el\":\"home_decoration\",\"children\":\"유아동침구\"}]}],[\"$\",\"li\",\"7\",{\"children\":[\"$\",\"a\",null,{\"href\":\"/np/categories/400534\",\"data-el\":\"home_decoration\",\"children\":\"베개\"}]}],[\"$\",\"li\",\"8\",{\"children\":[\"$\",\"a\",null,{\"href\":\"/np/categories/400543\",\"data-el\":\"home_decoration\",\"children\":\"롱쿠션/바디필로우\"}]}],[\"$\",\"li\",\"9\",{\"children\":[\"$\",\"a\",null,{\"href\":\"/np/categories/400546\",\"data-el\":\"home_decoration\",\"children\":\"담요\"}]}],[\"$\",\"li\",\"10\",{\"children\":[\"$\",\"a\",null,{\"href\":\"/np/categories/400547\",\"data-el\":\"home_decoration\",\"children\":\"죽부인\"}]}],[\"$\",\"li\",\"11\",{\"children\":[\"$\",\"a\",null,{\"href\":\"/np/categories/400548\",\"data-el\":\"home_decoration\",\"children\":\"쿨매트\"}]}],[\"$\",\"li\",\"12\",{\"children\":[\"$\",\"a\",null,{\"href\":\"/np/categories/400549\",\"data-el\":\"home_decoration\",\"children\":\"전기/온수매트\"}]}]]}]]}],[\"$\",\"li\",\"7\",{\"children\":[[\"$\",\"a\",null,{\"href\":\"/np/categories/185150\",\"data-el\":\"home_decoration\",\"children\":[\"카페트/쿠션/거실화\",[\"$\",\"i\",null,{\"className\":\"si\"}]]}],[\"$\",\"ul\",null,{\"className\":\"tdl\",\"children\":[[\"$\",\"li\",\"0\",{\"children\":[\"$\",\"a\",null,{\"href\":\"/np/categories/185152\",\"data-el\":\"home_decoration\",\"children\":\"러그/카페트\"}]}],[\"$\",\"li\",\"1\",{\"children\":[\"$\",\"a\",null,{\"href\":\"/np/categories/197131\",\"data-el\":\"home_decoration\",\"children\":\"발매트/주방매트\"}]}],[\"$\",\"li\",\"2\",{\"children\":[\"$\",\"a\",null,{\"href\":\"/np/categories/185158\",\"data-el\":\"home_decoration\",\"children\":\"놀이/다용도매트\"}]}],[\"$\",\"li\",\"3\",{\"children\":[\"$\",\"a\",null,{\"href\":\"/np/categories/197132\",\"data-el\":\"home_decoration\",\"children\":\"원목/대자리\"}]}],[\"$\",\"li\",\"4\",{\"children\":[\"$\",\"a\",null,{\"href\":\"/np/categories/400899\",\"data-el\":\"home_decoration\",\"children\":\"쿠션/방석\"}]}],[\"$\",\"li\",\"5\",{\"children\":[\"$\",\"a\",null,{\"href\":\"/np/categories/400928\",\"data-el\":\"home_decoration\",\"children\":\"거실화\"}]}],[\"$\",\"li\",\"6\",{\"children\":[\"$\",\"a\",null,{\"href\":\"/np/categories/400929\",\"data-el\":\"home_decoration\",\"children\":\"소파패드/커버\"}]}],[\"$\",\"li\",\"7\",{\"children\":[\"$\",\"a\",null,{\"href\":\"/np/categories/400932\",\"data-el\":\"home_decoration\",\"children\":\"가전/가구커버\"}]}],[\"$\",\"li\",\"8\",{\"children\":[\"$\",\"a\",null,{\"href\":\"/np/categories/400952\",\"data-el\":\"home_decoration\",\"children\":\"홈패브릭\"}]}]]}]]}],[\"$\",\"li\",\"8\",{\"children\":[[\"$\",\"a\",null,{\"href\":\"/np/categories/185101\",\"data-el\":\"home_decoration\",\"children\":[\"커튼/블라인드\",[\"$\",\"i\",null,{\"className\":\"si\"}]]}],[\"$\",\"ul\",null,{\"className\":\"tdl\",\"children\":[[\"$\",\"li\",\"0\",{\"children\":[\"$\",\"a\",null,{\"href\":\"/np/categories/185103\",\"data-el\":\"home_decoration\",\"children\":\"커튼\"}]}],[\"$\",\"li\",\"1\",{\"children\":[\"$\",\"a\",null,{\"href\":\"/np/categories/185110\",\"data-el\":\"home_decoration\",\"children\":\"블라인드/쉐이드\"}]}],[\"$\",\"li\",\"2\",{\"children\":[\"$\",\"a\",null,{\"href\":\"/np/categories/185119\",\"data-el\":\"home_decoration\",\"children\":\"롤스크린\"}]}],[\"$\",\"li\",\"3\",{\"children\":[\"$\",\"a\",null,{\"href\":\"/np/categories/185120\",\"data-el\":\"home_decoration\",\"children\":\"버티컬\"}]}],[\"$\",\"li\",\"4\",{\"children\":[\"$\",\"a\",null,{\"href\":\"/np/categories/185121\",\"data-el\":\"home_decoration\",\"children\":\"문발\"}]}],[\"$\",\"li\",\"5\",{\"children\":[\"$\",\"a\",null,{\"href\":\"/np/categories/185127\",\"data-el\":\"home_decoration\",\"children\":\"커튼부자재\"}]}],[\"$\",\"li\",\"6\",{\"children\":[\"$\",\"a\",null,{\"href\":\"/np/categories/185149\",\"data-el\":\"home_decoration\",\"children\":\"난방텐트\"}]}],[\"$\",\"li\",\"7\",{\"children\":[\"$\",\"a\",null,{\"href\":\"/np/categories/185142\",\"data-el\":\"home_decoration\",\"children\":\"모기장/캐노피\"}]}]]}]]}],[\"$\",\"li\",\"9\",{\"children\":[[\"$\",\"a\",null,{\"href\":\"/np/categories/400554\",\"data-el\":\"home_decoration\",\"children\":[\"수예/수선\",[\"$\",\"i\",null,{\"className\":\"si\"}]]}],[\"$\",\"ul\",null,{\"className\":\"tdl\",\"children\":[[\"$\",\"li\",\"0\",{\"children\":[\"$\",\"a\",null,{\"href\":\"/np/categories/400555\",\"data-el\":\"home_decoration\",\"children\":\"원단\"}]}],[\"$\",\"li\",\"1\",{\"children\":[\"$\",\"a\",null,{\"href\":\"/np/categories/400562\",\"data-el\":\"home_decoration\",\"children\":\"실\"}]}],[\"$\",\"li\",\"2\",{\"children\":[\"$\",\"a\",null,{\"href\":\"/np/categories/400572\",\"data-el\":\"home_decoration\",\"children\":\"바늘\"}]}],[\"$\",\"li\",\"3\",{\"children\":[\"$\",\"a\",null,{\"href\":\"/np/categories/400586\",\"data-el\":\"home_decoration\",\"children\":\"반짇고리세트\"}]}],[\"$\",\"li\",\"4\",{\"children\":[\"$\",\"a\",null,{\"href\":\"/np/categories/400587\",\"data-el\":\"home_decoration\",\"children\":\"재봉틀 용품\"}]}],[\"$\",\"li\",\"5\",{\"children\":[\"$\",\"a\",null,{\"href\":\"/np/categories/400596\",\"data-el\":\"home_decoration\",\"children\":\"수선/재단도구\"}]}],[\"$\",\"li\",\"6\",{\"children\":[\"$\",\"a\",null,{\"href\":\"/np/categories/400620\",\"data-el\":\"home_decoration\",\"children\":\"단추/레이스\"}]}],[\"$\",\"li\",\"7\",{\"children\":[\"$\",\"a\",null,{\"href\":\"/np/categories/400637\",\"data-el\":\"home_decoration\",\"children\":\"장식/부자재\"}]}],[\"$\",\"li\",\"8\",{\"children\":[\"$\",\"a\",null,{\"href\":\"/np/categories/400654\",\"data-el\":\"home_decoration\",\"children\":\"솜/보충재\"}]}],[\"$\",\"li\",\"9\",{\"children\":[\"$\",\"a\",null,{\"href\":\"/np/categories/400663\",\"data-el\":\"home_decoration\",\"children\":\"뜨개질용품\"}]}],[\"$\",\"li\",\"10\",{\"children\":[\"$\",\"a\",null,{\"href\":\"/np/categories/400677\",\"data-el\":\"home_decoration\",\"children\":\"자수/십자수\"}]}],[\"$\",\"li\",\"11\",{\"children\":[\"$\",\"a\",null,{\"href\":\"/np/categories/400703\",\"data-el\":\"home_decoration\",\"children\":\"가죽공예\"}]}],[\"$\",\"li\",\"12\",{\"children\":[\"$\",\"a\",null,{\"href\":\"/np/categories/400748\",\"data-el\":\"home_decoration\",\"children\":\"퀼트\"}]}],[\"$\",\"li\",\"13\",{\"className\":\"mc\",\"children\":[\"$\",\"a\",null,{\"href\":\"/np/categories/400812\",\"children\":\"더보기\"}]}]]}]]}],[\"$\",\"li\",\"10\",{\"children\":[[\"$\",\"a\",null,{\"href\":\"/np/categories/417542\",\"data-el\":\"home_decoration\",\"children\":[\"홈데코\",[\"$\",\"i\",null,{\"className\":\"si\"}]]}],[\"$\",\"ul\",null,{\"className\":\"tdl\",\"children\":[[\"$\",\"li\",\"0\",{\"children\":[\"$\",\"a\",null,{\"href\":\"/np/categories/417543\",\"data-el\":\"home_decoration\",\"children\":\"캔들/캔들홀더\"}]}],[\"$\",\"li\",\"1\",{\"children\":[\"$\",\"a\",null,{\"href\":\"/np/categories/417572\",\"data-el\":\"home_decoration\",\"children\":\"디퓨저/방향제\"}]}],[\"$\",\"li\",\"2\",{\"children\":[\"$\",\"a\",null,{\"href\":\"/np/categories/417607\",\"data-el\":\"home_decoration\",\"children\":\"화병/화분\"}]}],[\"$\",\"li\",\"3\",{\"children\":[\"$\",\"a\",null,{\"href\":\"/np/categories/417615\",\"data-el\":\"home_decoration\",\"children\":\"조화/드라이플라워\"}]}],[\"$\",\"li\",\"4\",{\"children\":[\"$\",\"a\",null,{\"href\":\"/np/categories/417622\",\"data-el\":\"home_decoration\",\"children\":\"홈데코 소품\"}]}],[\"$\",\"li\",\"5\",{\"children\":[\"$\",\"a\",null,{\"href\":\"/np/categories/417644\",\"data-el\":\"home_decoration\",\"children\":\"시계\"}]}],[\"$\",\"li\",\"6\",{\"children\":[\"$\",\"a\",null,{\"href\":\"/np/categories/417650\",\"data-el\":\"home_decoration\",\"children\":\"거울\"}]}],[\"$\",\"li\",\"7\",{\"children\":[\"$\",\"a\",null,{\"href\":\"/np/categories/417656\",\"data-el\":\"home_decoration\",\"children\":\"액자\"}]}],[\"$\",\"li\",\"8\",{\"children\":[\"$\",\"a\",null,{\"href\":\"/np/categories/417657\",\"data-el\":\"home_decoration\",\"children\":\"그림/사진\"}]}],[\"$\",\"li\",\"9\",{\"children\":[\"$\",\"a\",null,{\"href\":\"/np/categories/417663\",\"data-el\":\"home_decoration\",\"children\":\"시트지/스티커\"}]}],[\"$\",\"li\",\"10\",{\"children\":[\"$\",\"a\",null,{\"href\":\"/np/campaigns/1648\",\"data-el\":\"home_decoration\",\"children\":\"조명/스탠드\"}]}],[\"$\",\"li\",\"11\",{\"children\":[\"$\",\"a\",null,{\"href\":\"/np/campaigns/1650\",\"data-el\":\"home_decoration\",\"children\":\"러그/카페트\"}]}],[\"$\",\"li\",\"12\",{\"children\":[\"$\",\"a\",null,{\"href\":\"/np/campaigns/1652\",\"data-el\":\"home_decoration\",\"children\":\"쿠션/방석\"}]}],[\"$\",\"li\",\"13\",{\"className\":\"mc\",\"children\":[\"$\",\"a\",null,{\"href\":\"/np/campaigns/1654\",\"children\":\"더보기\"}]}]]}]]}],[\"$\",\"li\",\"11\",{\"children\":[[\"$\",\"a\",null,{\"href\":\"/np/categories/407567\",\"data-el\":\"home_decoration\",\"children\":[\"조명/스탠드\",[\"$\",\"i\",null,{\"className\":\"si\"}]]}],[\"$\",\"ul\",null,{\"className\":\"tdl\",\"children\":[[\"$\",\"li\",\"0\",{\"children\":[\"$\",\"a\",null,{\"href\":\"/np/categories/407569\",\"data-el\":\"home_decoration\",\"children\":\"장스탠드\"}]}],[\"$\",\"li\",\"1\",{\"children\":[\"$\",\"a\",null,{\"href\":\"/np/categories/407570\",\"data-el\":\"home_decoration\",\"children\":\"단스탠드\"}]}],[\"$\",\"li\",\"2\",{\"children\":[\"$\",\"a\",null,{\"href\":\"/np/categories/407571\",\"data-el\":\"home_decoration\",\"children\":\"무드등\"}]}],[\"$\",\"li\",\"3\",{\"children\":[\"$\",\"a\",null,{\"href\":\"/np/categories/407572\",\"data-el\":\"home_decoration\",\"children\":\"줄조명\"}]}],[\"$\",\"li\",\"4\",{\"children\":[\"$\",\"a\",null,{\"href\":\"/np/categories/407573\",\"data-el\":\"home_decoration\",\"children\":\"학생스탠드\"}]}],[\"$\",\"li\",\"5\",{\"children\":[\"$\",\"a\",null,{\"href\":\"/np/categories/407574\",\"data-el\":\"home_decoration\",\"children\":\"북라이트\"}]}],[\"$\",\"li\",\"6\",{\"children\":[\"$\",\"a\",null,{\"href\":\"/np/categories/407575\",\"data-el\":\"home_decoration\",\"children\":\"LED캔들\"}]}],[\"$\",\"li\",\"7\",{\"children\":[\"$\",\"a\",null,{\"href\":\"/np/categories/407576\",\"data-el\":\"home_decoration\",\"children\":\"천장등/벽등\"}]}],[\"$\",\"li\",\"8\",{\"children\":[\"$\",\"a\",null,{\"href\":\"/np/categories/407583\",\"data-el\":\"home_decoration\",\"children\":\"전구/형광등\"}]}],[\"$\",\"li\",\"9\",{\"children\":[\"$\",\"a\",null,{\"href\":\"/np/categories/445241\",\"data-el\":\"home_decoration\",\"children\":\"네온사인\"}]}],[\"$\",\"li\",\"10\",{\"children\":[\"$\",\"a\",null,{\"href\":\"/np/categories/445242\",\"data-el\":\"home_decoration\",\"children\":\"퍽라이트\"}]}]]}]]}],[\"$\",\"li\",\"12\",{\"children\":[[\"$\",\"a\",null,{\"href\":\"/np/categories/384621\",\"data-el\":\"home_decoration\",\"children\":[\"원예/가드닝\",[\"$\",\"i\",null,{\"className\":\"si\"}]]}],[\"$\",\"ul\",null,{\"className\":\"tdl\",\"children\":[[\"$\",\"li\",\"0\",{\"children\":[\"$\",\"a\",null,{\"href\":\"/np/categories/418920\",\"data-el\":\"home_decoration\",\"children\":\"꽃다발/꽃선물\"}]}],[\"$\",\"li\",\"1\",{\"children\":[\"$\",\"a\",null,{\"href\":\"/np/categories/384622\",\"data-el\":\"home_decoration\",\"children\":\"다육이/선인장\"}]}],[\"$\",\"li\",\"2\",{\"children\":[\"$\",\"a\",null,{\"href\":\"/np/categories/384625\",\"data-el\":\"home_decoration\",\"children\":\"식물/나무\"}]}],[\"$\",\"li\",\"3\",{\"children\":[\"$\",\"a\",null,{\"href\":\"/np/categories/384644\",\"data-el\":\"home_decoration\",\"children\":\"조화/비누꽃\"}]}],[\"$\",\"li\",\"4\",{\"children\":[\"$\",\"a\",null,{\"href\":\"/np/categories/384656\",\"data-el\":\"home_decoration\",\"children\":\"드라이플라워\"}]}],[\"$\",\"li\",\"5\",{\"children\":[\"$\",\"a\",null,{\"href\":\"/np/categories/384660\",\"data-el\":\"home_decoration\",\"children\":\"화분/화병\"}]}],[\"$\",\"li\",\"6\",{\"children\":[\"$\",\"a\",null,{\"href\":\"/np/categories/384669\",\"data-el\":\"home_decoration\",\"children\":\"씨앗/텃밭세트\"}]}],[\"$\",\"li\",\"7\",{\"children\":[\"$\",\"a\",null,{\"href\":\"/np/categories/384682\",\"data-el\":\"home_decoration\",\"children\":\"숯화분/석부작\"}]}],[\"$\",\"li\",\"8\",{\"children\":[\"$\",\"a\",null,{\"href\":\"/np/categories/384685\",\"data-el\":\"home_decoration\",\"children\":\"흙/영양제/살충\"}]}],[\"$\",\"li\",\"9\",{\"children\":[\"$\",\"a\",null,{\"href\":\"/np/categories/384693\",\"data-el\":\"home_decoration\",\"children\":\"원예도구\"}]}],[\"$\",\"li\",\"10\",{\"children\":[\"$\",\"a\",null,{\"href\":\"/np/categories/384702\",\"data-el\":\"home_decoration\",\"children\":\"야외가구/소품\"}]}],[\"$\",\"li\",\"11\",{\"children\":[\"$\",\"a\",null,{\"href\":\"/np/categories/384715\",\"data-el\":\"home_decoration\",\"children\":\"잔디/농기구\"}]}]]}]]}],[\"$\",\"li\",\"13\",{\"children\":[[\"$\",\"a\",null,{\"href\":\"/np/categories/280701\",\"data-el\":\"home_decoration\",\"children\":[\"셀프인테리어\",[\"$\",\"i\",null,{\"className\":\"si\"}]]}],[\"$\",\"ul\",null,{\"className\":\"tdl\",\"children\":[[\"$\",\"li\",\"0\",{\"children\":[\"$\",\"a\",null,{\"href\":\"/np/categories/280743\",\"data-el\":\"home_decoration\",\"children\":\"벽지/도배용품\"}]}],[\"$\",\"li\",\"1\",{\"children\":[\"$\",\"a\",null,{\"href\":\"/np/categories/280702\",\"data-el\":\"home_decoration\",\"children\":\"페인트/핸디코트\"}]}],[\"$\",\"li\",\"2\",{\"children\":[\"$\",\"a\",null,{\"href\":\"/np/categories/280728\",\"data-el\":\"home_decoration\",\"children\":\"장판/바닥재\"}]}],[\"$\",\"li\",\"3\",{\"children\":[\"$\",\"a\",null,{\"href\":\"/np/categories/280757\",\"data-el\":\"home_decoration\",\"children\":\"시트지/스티커\"}]}],[\"$\",\"li\",\"4\",{\"children\":[\"$\",\"a\",null,{\"href\":\"/np/categories/280770\",\"data-el\":\"home_decoration\",\"children\":\"폼블럭/타일/벽돌\"}]}],[\"$\",\"li\",\"5\",{\"children\":[\"$\",\"a\",null,{\"href\":\"/np/categories/280779\",\"data-el\":\"home_decoration\",\"children\":\"조명인테리어\"}]}],[\"$\",\"li\",\"6\",{\"children\":[\"$\",\"a\",null,{\"href\":\"/np/categories/280800\",\"data-el\":\"home_decoration\",\"children\":\"보수용품\"}]}],[\"$\",\"li\",\"7\",{\"children\":[\"$\",\"a\",null,{\"href\":\"/np/categories/280808\",\"data-el\":\"home_decoration\",\"children\":\"공구/자재\"}]}],[\"$\",\"li\",\"8\",{\"children\":[\"$\",\"a\",null,{\"href\":\"/np/categories/280824\",\"data-el\":\"home_decoration\",\"children\":\"인테리어소품\"}]}],[\"$\",\"li\",\"9\",{\"children\":[\"$\",\"a\",null,{\"href\":\"/np/categories/280856\",\"data-el\":\"home_decoration\",\"children\":\"인테리어도서\"}]}],[\"$\",\"li\",\"10\",{\"children\":[\"$\",\"a\",null,{\"href\":\"/np/categories/509364\",\"data-el\":\"home_decoration\",\"children\":\"건전지/멀티탭\"}]}]]}]]}],[\"$\",\"li\",\"14\",{\"children\":[[\"$\",\"a\",null,{\"href\":\"/np/categories/510113\",\"data-el\":\"home_decoration\",\"children\":[\"공구/철물/DIY\",[\"$\",\"i\",null,{\"className\":\"si\"}]]}],[\"$\",\"ul\",null,{\"className\":\"tdl\",\"children\":[[\"$\",\"li\",\"0\",{\"children\":[\"$\",\"a\",null,{\"href\":\"/np/categories/510114\",\"data-el\":\"home_decoration\",\"children\":\"전동/정밀공구\"}]}],[\"$\",\"li\",\"1\",{\"children\":[\"$\",\"a\",null,{\"href\":\"/np/categories/510126\",\"data-el\":\"home_decoration\",\"children\":\"수공구/절단도구\"}]}],[\"$\",\"li\",\"2\",{\"children\":[\"$\",\"a\",null,{\"href\":\"/np/categories/510142\",\"data-el\":\"home_decoration\",\"children\":\"공구함\"}]}],[\"$\",\"li\",\"3\",{\"children\":[\"$\",\"a\",null,{\"href\":\"/np/categories/510143\",\"data-el\":\"home_decoration\",\"children\":\"측정/측량도구\"}]}],[\"$\",\"li\",\"4\",{\"children\":[\"$\",\"a\",null,{\"href\":\"/np/categories/510155\",\"data-el\":\"home_decoration\",\"children\":\"배관/건축자재\"}]}],[\"$\",\"li\",\"5\",{\"children\":[\"$\",\"a\",null,{\"href\":\"/np/categories/510179\",\"data-el\":\"home_decoration\",\"children\":\"사다리/운반용품\"}]}],[\"$\",\"li\",\"6\",{\"children\":[\"$\",\"a\",null,{\"href\":\"/np/categories/510184\",\"data-el\":\"home_decoration\",\"children\":\"모터/에어공구\"}]}],[\"$\",\"li\",\"7\",{\"children\":[\"$\",\"a\",null,{\"href\":\"/np/categories/510193\",\"data-el\":\"home_decoration\",\"children\":\"나사/못/체결도구\"}]}],[\"$\",\"li\",\"8\",{\"children\":[\"$\",\"a\",null,{\"href\":\"/np/categories/510203\",\"data-el\":\"home_decoration\",\"children\":\"접착/보수용품\"}]}],[\"$\",\"li\",\"9\",{\"children\":[\"$\",\"a\",null,{\"href\":\"/np/categories/510216\",\"data-el\":\"home_decoration\",\"children\":\"토치/용접공구\"}]}],[\"$\",\"li\",\"10\",{\"children\":[\"$\",\"a\",null,{\"href\":\"/np/categories/510222\",\"data-el\":\"home_decoration\",\"children\":\"페인트/도구\"}]}]]}]]}],[\"$\",\"li\",\"15\",{\"children\":[[\"$\",\"a\",null,{\"href\":\"/np/categories/510083\",\"data-el\":\"home_decoration\",\"children\":[\"생활전기용품\",[\"$\",\"i\",null,{\"className\":\"si\"}]]}],[\"$\",\"ul\",null,{\"className\":\"tdl\",\"children\":[[\"$\",\"li\",\"0\",{\"children\":[\"$\",\"a\",null,{\"href\":\"/np/categories/510084\",\"data-el\":\"home_decoration\",\"children\":\"멀티탭/연장선\"}]}],[\"$\",\"li\",\"1\",{\"children\":[\"$\",\"a\",null,{\"href\":\"/np/categories/510089\",\"data-el\":\"home_decoration\",\"children\":\"전구/램프\"}]}],[\"$\",\"li\",\"2\",{\"children\":[\"$\",\"a\",null,{\"href\":\"/np/categories/510096\",\"data-el\":\"home_decoration\",\"children\":\"조명기구/부속\"}]}],[\"$\",\"li\",\"3\",{\"children\":[\"$\",\"a\",null,{\"href\":\"/np/categories/510106\",\"data-el\":\"home_decoration\",\"children\":\"건전지/배터리\"}]}]]}]]}],[\"$\",\"li\",\"16\",{\"className\":\"mc\",\"children\":[\"$\",\"a\",null,{\"href\":\"/np/categories/510239\",\"children\":\"더보기\"}]}]]}],[\"$\",\"span\",null,{\"className\":\"gnb-banner\",\"style\":{\"background\":\"#FFF\"},\"data-sentry-component\":\"Banner\",\"data-sentry-source-file\":\"Banner.tsx\",\"children\":[[\"$\",\"a\",null,{\"href\":\"https://www.coupang.com/np/campaigns/6733\",\"title\":\"로켓설치 가구(상시)\",\"data-el\":\"home_decoration\",\"children\":\"홈인테리어\"}],[\"$\",\"img\",null,{\"loading\":\"lazy\",\"alt\":\"로켓설치 가구(상시)\",\"src\":\"https://image9.coupangcdn.com/image/displayitem/displayitem_430b165e-91e3-45e2-a7d1-1e70c3b5d0a1.jpg\"}]]}]]}]]}],[\"$\",\"li\",\"7\",{\"className\":\"appliances-digital wa-category-icon\",\"data-sentry-component\":\"ThirdDepthGnb\",\"data-sentry-source-file\":\"ThirdDepthGnb.tsx\",\"children\":[[\"$\",\"a\",null,{\"href\":\"/np/categories/178255\",\"data-el\":\"digital\",\"children\":[\"가전디지털\",[\"$\",\"i\",null,{\"className\":\"si\"}]]}],[\"$\",\"div\",null,{\"className\":\"depth\",\"children\":[[\"$\",\"ul\",null,{\"className\":\"sdl\",\"children\":[[\"$\",\"li\",\"0\",{\"children\":[[\"$\",\"a\",null,{\"href\":\"/np/categories/178454\",\"data-el\":\"digital\",\"children\":[\"TV/영상가전\",[\"$\",\"i\",null,{\"className\":\"si\"}]]}],[\"$\",\"ul\",null,{\"className\":\"tdl\",\"children\":[[\"$\",\"li\",\"0\",{\"children\":[\"$\",\"a\",null,{\"href\":\"/np/categories/178456\",\"data-el\":\"digital\",\"children\":\"TV\"}]}],[\"$\",\"li\",\"1\",{\"children\":[\"$\",\"a\",null,{\"href\":\"/np/categories/509601\",\"data-el\":\"digital\",\"children\":\"미러링/스트리밍\"}]}],[\"$\",\"li\",\"2\",{\"children\":[\"$\",\"a\",null,{\"href\":\"/np/categories/178462\",\"data-el\":\"digital\",\"children\":\"TV 액세서리\"}]}],[\"$\",\"li\",\"3\",{\"children\":[\"$\",\"a\",null,{\"href\":\"/np/categories/178475\",\"data-el\":\"digital\",\"children\":\"블루레이/DVD/DivX\"}]}],[\"$\",\"li\",\"4\",{\"children\":[\"$\",\"a\",null,{\"href\":\"/np/categories/178481\",\"data-el\":\"digital\",\"children\":\"빔/프로젝터/스크린\"}]}]]}]]}],[\"$\",\"li\",\"1\",{\"children\":[[\"$\",\"a\",null,{\"href\":\"/np/categories/403245\",\"data-el\":\"digital\",\"children\":[\"냉장고\",[\"$\",\"i\",null,{\"className\":\"si\"}]]}],[\"$\",\"ul\",null,{\"className\":\"tdl\",\"children\":[[\"$\",\"li\",\"0\",{\"children\":[\"$\",\"a\",null,{\"href\":\"/np/categories/403246\",\"data-el\":\"digital\",\"children\":\"3/4도어냉장고\"}]}],[\"$\",\"li\",\"1\",{\"children\":[\"$\",\"a\",null,{\"href\":\"/np/categories/403247\",\"data-el\":\"digital\",\"children\":\"2도어 냉장고\"}]}],[\"$\",\"li\",\"2\",{\"children\":[\"$\",\"a\",null,{\"href\":\"/np/categories/403248\",\"data-el\":\"digital\",\"children\":\"1도어 냉장고\"}]}],[\"$\",\"li\",\"3\",{\"children\":[\"$\",\"a\",null,{\"href\":\"/np/categories/403249\",\"data-el\":\"digital\",\"children\":\"미니냉장고\"}]}],[\"$\",\"li\",\"4\",{\"children\":[\"$\",\"a\",null,{\"href\":\"/np/categories/403250\",\"data-el\":\"digital\",\"children\":\"김치냉장고\"}]}],[\"$\",\"li\",\"5\",{\"children\":[\"$\",\"a\",null,{\"href\":\"/np/categories/403251\",\"data-el\":\"digital\",\"children\":\"냉동고\"}]}],[\"$\",\"li\",\"6\",{\"children\":[\"$\",\"a\",null,{\"href\":\"/np/categories/403252\",\"data-el\":\"digital\",\"children\":\"전용냉장고\"}]}]]}]]}],[\"$\",\"li\",\"2\",{\"children\":[[\"$\",\"a\",null,{\"href\":\"/np/categories/486733\",\"data-el\":\"digital\",\"children\":[\"세탁기/건조기\",[\"$\",\"i\",null,{\"className\":\"si\"}]]}],[\"$\",\"ul\",null,{\"className\":\"tdl\",\"children\":[[\"$\",\"li\",\"0\",{\"children\":[\"$\",\"a\",null,{\"href\":\"/np/categories/509624\",\"data-el\":\"digital\",\"children\":\"세탁기건조기세트\"}]}],[\"$\",\"li\",\"1\",{\"children\":[\"$\",\"a\",null,{\"href\":\"/np/categories/486734\",\"data-el\":\"digital\",\"children\":\"세탁기\"}]}],[\"$\",\"li\",\"2\",{\"children\":[\"$\",\"a\",null,{\"href\":\"/np/categories/486735\",\"data-el\":\"digital\",\"children\":\"건조기\"}]}],[\"$\",\"li\",\"3\",{\"children\":[\"$\",\"a\",null,{\"href\":\"/np/categories/486736\",\"data-el\":\"digital\",\"children\":\"의류관리기\"}]}],[\"$\",\"li\",\"4\",{\"children\":[\"$\",\"a\",null,{\"href\":\"/np/categories/486737\",\"data-el\":\"digital\",\"children\":\"신발건조기\"}]}],[\"$\",\"li\",\"5\",{\"children\":[\"$\",\"a\",null,{\"href\":\"/np/categories/486738\",\"data-el\":\"digital\",\"children\":\"탈수기\"}]}],[\"$\",\"li\",\"6\",{\"children\":[\"$\",\"a\",null,{\"href\":\"/np/categories/486739\",\"data-el\":\"digital\",\"children\":\"액세서리\"}]}]]}]]}],[\"$\",\"li\",\"3\",{\"children\":[[\"$\",\"a\",null,{\"href\":\"/np/categories/178627\",\"data-el\":\"digital\",\"children\":[\"생활가전\",[\"$\",\"i\",null,{\"className\":\"si\"}]]}],[\"$\",\"ul\",null,{\"className\":\"tdl\",\"children\":[[\"$\",\"li\",\"0\",{\"children\":[\"$\",\"a\",null,{\"href\":\"/np/categories/178663\",\"data-el\":\"digital\",\"children\":\"공기청정기\"}]}],[\"$\",\"li\",\"1\",{\"children\":[\"$\",\"a\",null,{\"href\":\"/np/categories/178658\",\"data-el\":\"digital\",\"children\":\"다리미/재봉/보풀\"}]}],[\"$\",\"li\",\"2\",{\"children\":[\"$\",\"a\",null,{\"href\":\"/np/categories/178667\",\"data-el\":\"digital\",\"children\":\"도어록/비디오폰\"}]}],[\"$\",\"li\",\"3\",{\"children\":[\"$\",\"a\",null,{\"href\":\"/np/categories/178673\",\"data-el\":\"digital\",\"children\":\"비데/온수기\"}]}],[\"$\",\"li\",\"4\",{\"children\":[\"$\",\"a\",null,{\"href\":\"/np/categories/178685\",\"data-el\":\"digital\",\"children\":\"전동칫솔/살균기\"}]}],[\"$\",\"li\",\"5\",{\"children\":[\"$\",\"a\",null,{\"href\":\"/np/categories/178702\",\"data-el\":\"digital\",\"children\":\"학습용 스탠드\"}]}],[\"$\",\"li\",\"6\",{\"children\":[\"$\",\"a\",null,{\"href\":\"/np/categories/178703\",\"data-el\":\"digital\",\"children\":\"전화기/무전기\"}]}]]}]]}],[\"$\",\"li\",\"4\",{\"children\":[[\"$\",\"a\",null,{\"href\":\"/np/categories/413352\",\"data-el\":\"digital\",\"children\":[\"청소기\",[\"$\",\"i\",null,{\"className\":\"si\"}]]}],[\"$\",\"ul\",null,{\"className\":\"tdl\",\"children\":[[\"$\",\"li\",\"0\",{\"children\":[\"$\",\"a\",null,{\"href\":\"/np/campaigns/17009\",\"data-el\":\"digital\",\"children\":\"먼지비움청소기\"}]}],[\"$\",\"li\",\"1\",{\"children\":[\"$\",\"a\",null,{\"href\":\"/np/categories/413353\",\"data-el\":\"digital\",\"children\":\"스틱청소기\"}]}],[\"$\",\"li\",\"2\",{\"children\":[\"$\",\"a\",null,{\"href\":\"/np/categories/413354\",\"data-el\":\"digital\",\"children\":\"진공청소기\"}]}],[\"$\",\"li\",\"3\",{\"children\":[\"$\",\"a\",null,{\"href\":\"/np/categories/413355\",\"data-el\":\"digital\",\"children\":\"로봇청소기\"}]}],[\"$\",\"li\",\"4\",{\"children\":[\"$\",\"a\",null,{\"href\":\"/np/categories/413356\",\"data-el\":\"digital\",\"children\":\"물걸레청소기\"}]}],[\"$\",\"li\",\"5\",{\"children\":[\"$\",\"a\",null,{\"href\":\"/np/categories/413357\",\"data-el\":\"digital\",\"children\":\"침구청소기\"}]}],[\"$\",\"li\",\"6\",{\"children\":[\"$\",\"a\",null,{\"href\":\"/np/categories/413358\",\"data-el\":\"digital\",\"children\":\"핸디청소기\"}]}],[\"$\",\"li\",\"7\",{\"children\":[\"$\",\"a\",null,{\"href\":\"/np/categories/413359\",\"data-el\":\"digital\",\"children\":\"스팀청소기\"}]}],[\"$\",\"li\",\"8\",{\"children\":[\"$\",\"a\",null,{\"href\":\"/np/categories/413360\",\"data-el\":\"digital\",\"children\":\"차량용청소기\"}]}],[\"$\",\"li\",\"9\",{\"children\":[\"$\",\"a\",null,{\"href\":\"/np/categories/413361\",\"data-el\":\"digital\",\"children\":\"업소용청소기\"}]}],[\"$\",\"li\",\"10\",{\"children\":[\"$\",\"a\",null,{\"href\":\"/np/categories/413362\",\"data-el\":\"digital\",\"children\":\"필터/액세서리\"}]}]]}]]}],[\"$\",\"li\",\"5\",{\"children\":[[\"$\",\"a\",null,{\"href\":\"/np/categories/227812\",\"data-el\":\"digital\",\"children\":[\"계절가전\",[\"$\",\"i\",null,{\"className\":\"si\"}]]}],[\"$\",\"ul\",null,{\"className\":\"tdl\",\"children\":[[\"$\",\"li\",\"0\",{\"children\":[\"$\",\"a\",null,{\"href\":\"/np/categories/238887\",\"data-el\":\"digital\",\"children\":\"공기청정기\"}]}],[\"$\",\"li\",\"1\",{\"children\":[\"$\",\"a\",null,{\"href\":\"/np/categories/388046\",\"data-el\":\"digital\",\"children\":\"선풍기\"}]}],[\"$\",\"li\",\"2\",{\"children\":[\"$\",\"a\",null,{\"href\":\"/np/categories/227820\",\"data-el\":\"digital\",\"children\":\"에어컨\"}]}],[\"$\",\"li\",\"3\",{\"children\":[\"$\",\"a\",null,{\"href\":\"/np/categories/238886\",\"data-el\":\"digital\",\"children\":\"제습기\"}]}],[\"$\",\"li\",\"4\",{\"children\":[\"$\",\"a\",null,{\"href\":\"/np/categories/306335\",\"data-el\":\"digital\",\"children\":\"서큘레이터\"}]}],[\"$\",\"li\",\"5\",{\"children\":[\"$\",\"a\",null,{\"href\":\"/np/categories/388055\",\"data-el\":\"digital\",\"children\":\"냉풍기\"}]}],[\"$\",\"li\",\"6\",{\"children\":[\"$\",\"a\",null,{\"href\":\"/np/categories/227847\",\"data-el\":\"digital\",\"children\":\"건조기/탈수기\"}]}],[\"$\",\"li\",\"7\",{\"children\":[\"$\",\"a\",null,{\"href\":\"/np/categories/227853\",\"data-el\":\"digital\",\"children\":\"모기/해충 퇴치기\"}]}],[\"$\",\"li\",\"8\",{\"children\":[\"$\",\"a\",null,{\"href\":\"/np/categories/247567\",\"data-el\":\"digital\",\"children\":\"가습기/에어워셔\"}]}],[\"$\",\"li\",\"9\",{\"children\":[\"$\",\"a\",null,{\"href\":\"/np/categories/247548\",\"data-el\":\"digital\",\"children\":\"전기요/매트\"}]}],[\"$\",\"li\",\"10\",{\"children\":[\"$\",\"a\",null,{\"href\":\"/np/categories/228864\",\"data-el\":\"digital\",\"children\":\"냉온수매트\"}]}],[\"$\",\"li\",\"11\",{\"children\":[\"$\",\"a\",null,{\"href\":\"/np/categories/247553\",\"data-el\":\"digital\",\"children\":\"히터/온풍기\"}]}],[\"$\",\"li\",\"12\",{\"children\":[\"$\",\"a\",null,{\"href\":\"/np/categories/247564\",\"data-el\":\"digital\",\"children\":\"손난로/발난로\"}]}]]}]]}],[\"$\",\"li\",\"6\",{\"children\":[[\"$\",\"a\",null,{\"href\":\"/np/categories/333478\",\"data-el\":\"digital\",\"children\":[\"뷰티/헤어가전\",[\"$\",\"i\",null,{\"className\":\"si\"}]]}],[\"$\",\"ul\",null,{\"className\":\"tdl\",\"children\":[[\"$\",\"li\",\"0\",{\"children\":[\"$\",\"a\",null,{\"href\":\"/np/categories/486670\",\"data-el\":\"digital\",\"children\":\"헤어드라이어\"}]}],[\"$\",\"li\",\"1\",{\"children\":[\"$\",\"a\",null,{\"href\":\"/np/categories/486673\",\"data-el\":\"digital\",\"children\":\"고데기/매직기\"}]}],[\"$\",\"li\",\"2\",{\"children\":[\"$\",\"a\",null,{\"href\":\"/np/categories/333479\",\"data-el\":\"digital\",\"children\":\"헤어스타일러\"}]}],[\"$\",\"li\",\"3\",{\"children\":[\"$\",\"a\",null,{\"href\":\"/np/categories/333492\",\"data-el\":\"digital\",\"children\":\"두피/헤어관리\"}]}],[\"$\",\"li\",\"4\",{\"children\":[\"$\",\"a\",null,{\"href\":\"/np/categories/333496\",\"data-el\":\"digital\",\"children\":\"피부관리기기\"}]}],[\"$\",\"li\",\"5\",{\"children\":[\"$\",\"a\",null,{\"href\":\"/np/categories/333519\",\"data-el\":\"digital\",\"children\":\"면도기/이발기\"}]}],[\"$\",\"li\",\"6\",{\"children\":[\"$\",\"a\",null,{\"href\":\"/np/categories/333522\",\"data-el\":\"digital\",\"children\":\"제모기\"}]}],[\"$\",\"li\",\"7\",{\"children\":[\"$\",\"a\",null,{\"href\":\"/np/categories/333527\",\"data-el\":\"digital\",\"children\":\"눈썹/네일관리\"}]}]]}]]}],[\"$\",\"li\",\"7\",{\"children\":[[\"$\",\"a\",null,{\"href\":\"/np/categories/178713\",\"data-el\":\"digital\",\"children\":[\"건강가전\",[\"$\",\"i\",null,{\"className\":\"si\"}]]}],[\"$\",\"ul\",null,{\"className\":\"tdl\",\"children\":[[\"$\",\"li\",\"0\",{\"children\":[\"$\",\"a\",null,{\"href\":\"/np/categories/509621\",\"data-el\":\"digital\",\"children\":\"안마의자\"}]}],[\"$\",\"li\",\"1\",{\"children\":[\"$\",\"a\",null,{\"href\":\"/np/categories/178715\",\"data-el\":\"digital\",\"children\":\"안마/찜질기\"}]}],[\"$\",\"li\",\"2\",{\"children\":[\"$\",\"a\",null,{\"href\":\"/np/categories/178722\",\"data-el\":\"digital\",\"children\":\"전동칫솔/구강가전\"}]}],[\"$\",\"li\",\"3\",{\"children\":[\"$\",\"a\",null,{\"href\":\"/np/categories/178739\",\"data-el\":\"digital\",\"children\":\"비데\"}]}],[\"$\",\"li\",\"4\",{\"children\":[\"$\",\"a\",null,{\"href\":\"/np/categories/178744\",\"data-el\":\"digital\",\"children\":\"건강측정/의료기\"}]}],[\"$\",\"li\",\"5\",{\"children\":[\"$\",\"a\",null,{\"href\":\"/np/categories/466380\",\"data-el\":\"digital\",\"children\":\"살균/소독기\"}]}],[\"$\",\"li\",\"6\",{\"children\":[\"$\",\"a\",null,{\"href\":\"/np/categories/178751\",\"data-el\":\"digital\",\"children\":\"손건조기/소독기\"}]}]]}]]}],[\"$\",\"li\",\"8\",{\"children\":[[\"$\",\"a\",null,{\"href\":\"/np/categories/445736\",\"data-el\":\"digital\",\"children\":[\"주방가전\",[\"$\",\"i\",null,{\"className\":\"si\"}]]}],[\"$\",\"ul\",null,{\"className\":\"tdl\",\"children\":[[\"$\",\"li\",\"0\",{\"children\":[\"$\",\"a\",null,{\"href\":\"/np/categories/445737\",\"data-el\":\"digital\",\"children\":\"전기밥솥\"}]}],[\"$\",\"li\",\"1\",{\"children\":[\"$\",\"a\",null,{\"href\":\"/np/categories/445743\",\"data-el\":\"digital\",\"children\":\"전자레인지\"}]}],[\"$\",\"li\",\"2\",{\"children\":[\"$\",\"a\",null,{\"href\":\"/np/categories/445744\",\"data-el\":\"digital\",\"children\":\"오븐\"}]}],[\"$\",\"li\",\"3\",{\"children\":[\"$\",\"a\",null,{\"href\":\"/np/categories/445747\",\"data-el\":\"digital\",\"children\":\"가스레인지\"}]}],[\"$\",\"li\",\"4\",{\"children\":[\"$\",\"a\",null,{\"href\":\"/np/categories/445748\",\"data-el\":\"digital\",\"children\":\"전기레인지\"}]}],[\"$\",\"li\",\"5\",{\"children\":[\"$\",\"a\",null,{\"href\":\"/np/categories/445753\",\"data-el\":\"digital\",\"children\":\"식기세척/건조기\"}]}],[\"$\",\"li\",\"6\",{\"children\":[\"$\",\"a\",null,{\"href\":\"/np/categories/445758\",\"data-el\":\"digital\",\"children\":\"믹서기/블렌더\"}]}],[\"$\",\"li\",\"7\",{\"children\":[\"$\",\"a\",null,{\"href\":\"/np/categories/445770\",\"data-el\":\"digital\",\"children\":\"커피메이커/머신\"}]}],[\"$\",\"li\",\"8\",{\"children\":[\"$\",\"a\",null,{\"href\":\"/np/categories/445779\",\"data-el\":\"digital\",\"children\":\"빙수기/제빙기\"}]}],[\"$\",\"li\",\"9\",{\"children\":[\"$\",\"a\",null,{\"href\":\"/np/categories/445784\",\"data-el\":\"digital\",\"children\":\"전기포트\"}]}],[\"$\",\"li\",\"10\",{\"children\":[\"$\",\"a\",null,{\"href\":\"/np/categories/510536\",\"data-el\":\"digital\",\"children\":\"에어프라이어\"}]}],[\"$\",\"li\",\"11\",{\"children\":[\"$\",\"a\",null,{\"href\":\"/np/categories/465013\",\"data-el\":\"digital\",\"children\":\"튀김기\"}]}],[\"$\",\"li\",\"12\",{\"children\":[\"$\",\"a\",null,{\"href\":\"/np/categories/445793\",\"data-el\":\"digital\",\"children\":\"토스터\"}]}],[\"$\",\"li\",\"13\",{\"className\":\"mc\",\"children\":[\"$\",\"a\",null,{\"href\":\"/np/categories/445796\",\"children\":\"더보기\"}]}]]}]]}],[\"$\",\"li\",\"9\",{\"children\":[[\"$\",\"a\",null,{\"href\":\"/np/categories/497135\",\"data-el\":\"digital\",\"children\":[\"노트북\",null]}],false]}],[\"$\",\"li\",\"10\",{\"children\":[[\"$\",\"a\",null,{\"href\":\"/np/categories/497136\",\"data-el\":\"digital\",\"children\":[\"데스크탑\",[\"$\",\"i\",null,{\"className\":\"si\"}]]}],[\"$\",\"ul\",null,{\"className\":\"tdl\",\"children\":[[\"$\",\"li\",\"0\",{\"children\":[\"$\",\"a\",null,{\"href\":\"/np/categories/497137\",\"data-el\":\"digital\",\"children\":\"브랜드PC\"}]}],[\"$\",\"li\",\"1\",{\"children\":[\"$\",\"a\",null,{\"href\":\"/np/categories/497138\",\"data-el\":\"digital\",\"children\":\"일체형PC\"}]}],[\"$\",\"li\",\"2\",{\"children\":[\"$\",\"a\",null,{\"href\":\"/np/categories/497139\",\"data-el\":\"digital\",\"children\":\"조립PC\"}]}],[\"$\",\"li\",\"3\",{\"children\":[\"$\",\"a\",null,{\"href\":\"/np/categories/497140\",\"data-el\":\"digital\",\"children\":\"미니PC\"}]}]]}]]}],[\"$\",\"li\",\"11\",{\"children\":[[\"$\",\"a\",null,{\"href\":\"/np/categories/510541\",\"data-el\":\"digital\",\"children\":[\"모니터\",[\"$\",\"i\",null,{\"className\":\"si\"}]]}],[\"$\",\"ul\",null,{\"className\":\"tdl\",\"children\":[[\"$\",\"li\",\"0\",{\"children\":[\"$\",\"a\",null,{\"href\":\"/np/categories/510542\",\"data-el\":\"digital\",\"children\":\"일반 모니터\"}]}],[\"$\",\"li\",\"1\",{\"children\":[\"$\",\"a\",null,{\"href\":\"/np/campaigns/19498\",\"data-el\":\"digital\",\"children\":\"휴대용 모니터\"}]}],[\"$\",\"li\",\"2\",{\"children\":[\"$\",\"a\",null,{\"href\":\"/np/campaigns/19500\",\"data-el\":\"digital\",\"children\":\"스마트 모니터\"}]}],[\"$\",\"li\",\"3\",{\"children\":[\"$\",\"a\",null,{\"href\":\"/np/campaigns/19496\",\"data-el\":\"digital\",\"children\":\"게이밍 모니터\"}]}]]}]]}],[\"$\",\"li\",\"12\",{\"children\":[[\"$\",\"a\",null,{\"href\":\"/np/categories/497244\",\"data-el\":\"digital\",\"children\":[\"휴대폰\",null]}],false]}],[\"$\",\"li\",\"13\",{\"children\":[[\"$\",\"a\",null,{\"href\":\"/np/categories/497245\",\"data-el\":\"digital\",\"children\":[\"태블릿PC\",[\"$\",\"i\",null,{\"className\":\"si\"}]]}],[\"$\",\"ul\",null,{\"className\":\"tdl\",\"children\":[[\"$\",\"li\",\"0\",{\"children\":[\"$\",\"a\",null,{\"href\":\"/np/categories/497246\",\"data-el\":\"digital\",\"children\":\"태블릿PC\"}]}],[\"$\",\"li\",\"1\",{\"children\":[\"$\",\"a\",null,{\"href\":\"/np/categories/497247\",\"data-el\":\"digital\",\"children\":\"액세서리\"}]}]]}]]}],[\"$\",\"li\",\"14\",{\"children\":[[\"$\",\"a\",null,{\"href\":\"/np/categories/497252\",\"data-el\":\"digital\",\"children\":[\"스마트워치/밴드\",[\"$\",\"i\",null,{\"className\":\"si\"}]]}],[\"$\",\"ul\",null,{\"className\":\"tdl\",\"children\":[[\"$\",\"li\",\"0\",{\"children\":[\"$\",\"a\",null,{\"href\":\"/np/categories/497253\",\"data-el\":\"digital\",\"children\":\"스마트워치\"}]}],[\"$\",\"li\",\"1\",{\"children\":[\"$\",\"a\",null,{\"href\":\"/np/categories/497254\",\"data-el\":\"digital\",\"children\":\"스마트밴드\"}]}],[\"$\",\"li\",\"2\",{\"children\":[\"$\",\"a\",null,{\"href\":\"/np/categories/565335\",\"data-el\":\"digital\",\"children\":\"스마트링\"}]}],[\"$\",\"li\",\"3\",{\"children\":[\"$\",\"a\",null,{\"href\":\"/np/categories/503019\",\"data-el\":\"digital\",\"children\":\"액세서리\"}]}]]}]]}],[\"$\",\"li\",\"15\",{\"children\":[[\"$\",\"a\",null,{\"href\":\"/np/categories/395267\",\"data-el\":\"digital\",\"children\":[\"게임\",[\"$\",\"i\",null,{\"className\":\"si\"}]]}],[\"$\",\"ul\",null,{\"className\":\"tdl\",\"children\":[[\"$\",\"li\",\"0\",{\"children\":[\"$\",\"a\",null,{\"href\":\"/np/campaigns/1366\",\"data-el\":\"digital\",\"children\":\"게이밍노트북\"}]}],[\"$\",\"li\",\"1\",{\"children\":[\"$\",\"a\",null,{\"href\":\"/np/campaigns/1596\",\"data-el\":\"digital\",\"children\":\"게이밍데스크탑\"}]}],[\"$\",\"li\",\"2\",{\"children\":[\"$\",\"a\",null,{\"href\":\"/np/campaigns/1391\",\"data-el\":\"digital\",\"children\":\"게이밍모니터\"}]}],[\"$\",\"li\",\"3\",{\"children\":[\"$\",\"a\",null,{\"href\":\"/np/categories/395274\",\"data-el\":\"digital\",\"children\":\"마우스/키보드/헤드셋\"}]}],[\"$\",\"li\",\"4\",{\"children\":[\"$\",\"a\",null,{\"href\":\"/np/categories/395288\",\"data-el\":\"digital\",\"children\":\"그래픽카드/메인보드\"}]}],[\"$\",\"li\",\"5\",{\"children\":[\"$\",\"a\",null,{\"href\":\"/np/categories/395291\",\"data-el\":\"digital\",\"children\":\"PC타이틀/주변기기\"}]}],[\"$\",\"li\",\"6\",{\"children\":[\"$\",\"a\",null,{\"href\":\"/np/categories/395299\",\"data-el\":\"digital\",\"children\":\"플레이스테이션\"}]}],[\"$\",\"li\",\"7\",{\"children\":[\"$\",\"a\",null,{\"href\":\"/np/categories/395306\",\"data-el\":\"digital\",\"children\":\"닌텐도\"}]}],[\"$\",\"li\",\"8\",{\"children\":[\"$\",\"a\",null,{\"href\":\"/np/categories/395311\",\"data-el\":\"digital\",\"children\":\"XBOX\"}]}],[\"$\",\"li\",\"9\",{\"children\":[\"$\",\"a\",null,{\"href\":\"/np/categories/395322\",\"data-el\":\"digital\",\"children\":\"레트로/기타게임\"}]}],[\"$\",\"li\",\"10\",{\"children\":[\"$\",\"a\",null,{\"href\":\"/np/categories/395326\",\"data-el\":\"digital\",\"children\":\"휴대폰게임\"}]}]]}]]}],[\"$\",\"li\",\"16\",{\"className\":\"mc\",\"children\":[\"$\",\"a\",null,{\"href\":\"/np/categories/497142\",\"children\":\"더보기\"}]}]]}],[\"$\",\"span\",null,{\"className\":\"gnb-banner\",\"style\":{\"background\":\"#FFF\"},\"data-sentry-component\":\"Banner\",\"data-sentry-source-file\":\"Banner.tsx\",\"children\":[[\"$\",\"a\",null,{\"href\":\"https://www.coupang.com/np/siteWideEvent?mlpPageId=1413\",\"title\":\"가전디지털\",\"data-el\":\"digital\",\"children\":\"가전디지털\"}],[\"$\",\"img\",null,{\"loading\":\"lazy\",\"alt\":\"가전디지털\",\"src\":\"https://image10.coupangcdn.com/image/displayitem/displayitem_5e88947c-4469-493e-8b4e-efad6c8531a6.png\"}]]}]]}]]}],[\"$\",\"li\",\"8\",{\"className\":\"sports wa-category-icon\",\"data-sentry-component\":\"ThirdDepthGnb\",\"data-sentry-source-file\":\"ThirdDepthGnb.tsx\",\"children\":[[\"$\",\"a\",null,{\"href\":\"/np/categories/317778\",\"data-el\":\"sports\",\"children\":[\"스포츠/레저\",[\"$\",\"i\",null,{\"className\":\"si\"}]]}],[\"$\",\"div\",null,{\"className\":\"depth\",\"children\":[[\"$\",\"ul\",null,{\"className\":\"sdl\",\"children\":[[\"$\",\"li\",\"0\",{\"children\":[[\"$\",\"a\",null,{\"href\":\"/np/categories/328790\",\"data-el\":\"sports\",\"children\":[\"캠핑전문관\",[\"$\",\"i\",null,{\"className\":\"si\"}]]}],[\"$\",\"ul\",null,{\"className\":\"tdl\",\"children\":[[\"$\",\"li\",\"0\",{\"children\":[\"$\",\"a\",null,{\"href\":\"/np/campaigns/350\",\"data-el\":\"sports\",\"children\":\"백패킹\"}]}],[\"$\",\"li\",\"1\",{\"children\":[\"$\",\"a\",null,{\"href\":\"/np/campaigns/348\",\"data-el\":\"sports\",\"children\":\"미니멀캠핑\"}]}],[\"$\",\"li\",\"2\",{\"children\":[\"$\",\"a\",null,{\"href\":\"/np/campaigns/351\",\"data-el\":\"sports\",\"children\":\"오토캠핑\"}]}],[\"$\",\"li\",\"3\",{\"children\":[\"$\",\"a\",null,{\"href\":\"/np/campaigns/349\",\"data-el\":\"sports\",\"children\":\"먹거리\"}]}],[\"$\",\"li\",\"4\",{\"children\":[\"$\",\"a\",null,{\"href\":\"/np/categories/328791\",\"data-el\":\"sports\",\"children\":\"텐트\"}]}],[\"$\",\"li\",\"5\",{\"children\":[\"$\",\"a\",null,{\"href\":\"/np/categories/328798\",\"data-el\":\"sports\",\"children\":\"타프/그늘막\"}]}],[\"$\",\"li\",\"6\",{\"children\":[\"$\",\"a\",null,{\"href\":\"/np/categories/328807\",\"data-el\":\"sports\",\"children\":\"텐트/타프 부품\"}]}],[\"$\",\"li\",\"7\",{\"children\":[\"$\",\"a\",null,{\"href\":\"/np/categories/328821\",\"data-el\":\"sports\",\"children\":\"의자/테이블\"}]}],[\"$\",\"li\",\"8\",{\"children\":[\"$\",\"a\",null,{\"href\":\"/np/categories/328828\",\"data-el\":\"sports\",\"children\":\"침낭/매트/해먹\"}]}],[\"$\",\"li\",\"9\",{\"children\":[\"$\",\"a\",null,{\"href\":\"/np/categories/328860\",\"data-el\":\"sports\",\"children\":\"캠핑주방용품\"}]}],[\"$\",\"li\",\"10\",{\"children\":[\"$\",\"a\",null,{\"href\":\"/np/categories/328852\",\"data-el\":\"sports\",\"children\":\"수납/정리소품\"}]}],[\"$\",\"li\",\"11\",{\"children\":[\"$\",\"a\",null,{\"href\":\"/np/categories/328846\",\"data-el\":\"sports\",\"children\":\"랜턴/조명\"}]}],[\"$\",\"li\",\"12\",{\"children\":[\"$\",\"a\",null,{\"href\":\"/np/categories/328907\",\"data-el\":\"sports\",\"children\":\"캠핑공구\"}]}],[\"$\",\"li\",\"13\",{\"className\":\"mc\",\"children\":[\"$\",\"a\",null,{\"href\":\"/np/categories/328917\",\"children\":\"더보기\"}]}]]}]]}],[\"$\",\"li\",\"1\",{\"children\":[[\"$\",\"a\",null,{\"href\":\"/np/categories/413812\",\"data-el\":\"sports\",\"children\":[\"홈트레이닝\",[\"$\",\"i\",null,{\"className\":\"si\"}]]}],[\"$\",\"ul\",null,{\"className\":\"tdl\",\"children\":[[\"$\",\"li\",\"0\",{\"children\":[\"$\",\"a\",null,{\"href\":\"/np/categories/413813\",\"data-el\":\"sports\",\"children\":\"스트레칭/마사지\"}]}],[\"$\",\"li\",\"1\",{\"children\":[\"$\",\"a\",null,{\"href\":\"/np/categories/413821\",\"data-el\":\"sports\",\"children\":\"유산소\"}]}],[\"$\",\"li\",\"2\",{\"children\":[\"$\",\"a\",null,{\"href\":\"/np/categories/413828\",\"data-el\":\"sports\",\"children\":\"근력\"}]}],[\"$\",\"li\",\"3\",{\"children\":[\"$\",\"a\",null,{\"href\":\"/np/categories/413837\",\"data-el\":\"sports\",\"children\":\"보호대/체중계\"}]}]]}]]}],[\"$\",\"li\",\"2\",{\"children\":[[\"$\",\"a\",null,{\"href\":\"/np/categories/329225\",\"data-el\":\"sports\",\"children\":[\"헬스/요가/댄스\",[\"$\",\"i\",null,{\"className\":\"si\"}]]}],[\"$\",\"ul\",null,{\"className\":\"tdl\",\"children\":[[\"$\",\"li\",\"0\",{\"children\":[\"$\",\"a\",null,{\"href\":\"/np/categories/329226\",\"data-el\":\"sports\",\"children\":\"요가/필라테스\"}]}],[\"$\",\"li\",\"1\",{\"children\":[\"$\",\"a\",null,{\"href\":\"/np/categories/329240\",\"data-el\":\"sports\",\"children\":\"요가복\"}]}],[\"$\",\"li\",\"2\",{\"children\":[\"$\",\"a\",null,{\"href\":\"/np/categories/329251\",\"data-el\":\"sports\",\"children\":\"근력운동\"}]}],[\"$\",\"li\",\"3\",{\"children\":[\"$\",\"a\",null,{\"href\":\"/np/categories/329279\",\"data-el\":\"sports\",\"children\":\"유산소운동\"}]}],[\"$\",\"li\",\"4\",{\"children\":[\"$\",\"a\",null,{\"href\":\"/np/categories/329294\",\"data-el\":\"sports\",\"children\":\"스트레칭/균형\"}]}],[\"$\",\"li\",\"5\",{\"children\":[\"$\",\"a\",null,{\"href\":\"/np/categories/329302\",\"data-el\":\"sports\",\"children\":\"댄스/에어로빅\"}]}],[\"$\",\"li\",\"6\",{\"children\":[\"$\",\"a\",null,{\"href\":\"/np/categories/329323\",\"data-el\":\"sports\",\"children\":\"헬스소품/보호대\"}]}],[\"$\",\"li\",\"7\",{\"children\":[\"$\",\"a\",null,{\"href\":\"/np/categories/329334\",\"data-el\":\"sports\",\"children\":\"운동측정용품\"}]}],[\"$\",\"li\",\"8\",{\"children\":[\"$\",\"a\",null,{\"href\":\"/np/categories/376475\",\"data-el\":\"sports\",\"children\":\"부위별 운동용품\"}]}],[\"$\",\"li\",\"9\",{\"children\":[\"$\",\"a\",null,{\"href\":\"/np/categories/427699\",\"data-el\":\"sports\",\"children\":\"헬스보충식품\"}]}]]}]]}],[\"$\",\"li\",\"3\",{\"children\":[[\"$\",\"a\",null,{\"href\":\"/np/categories/421032\",\"data-el\":\"sports\",\"children\":[\"수영/수상스포츠\",[\"$\",\"i\",null,{\"className\":\"si\"}]]}],[\"$\",\"ul\",null,{\"className\":\"tdl\",\"children\":[[\"$\",\"li\",\"0\",{\"children\":[\"$\",\"a\",null,{\"href\":\"/np/categories/421033\",\"data-el\":\"sports\",\"children\":\"실내 수영복\"}]}],[\"$\",\"li\",\"1\",{\"children\":[\"$\",\"a\",null,{\"href\":\"/np/categories/421045\",\"data-el\":\"sports\",\"children\":\"비치웨어/래쉬가드\"}]}],[\"$\",\"li\",\"2\",{\"children\":[\"$\",\"a\",null,{\"href\":\"/np/categories/421070\",\"data-el\":\"sports\",\"children\":\"수영용품\"}]}],[\"$\",\"li\",\"3\",{\"children\":[\"$\",\"a\",null,{\"href\":\"/np/categories/421087\",\"data-el\":\"sports\",\"children\":\"물놀이용품\"}]}],[\"$\",\"li\",\"4\",{\"children\":[\"$\",\"a\",null,{\"href\":\"/np/categories/421110\",\"data-el\":\"sports\",\"children\":\"아쿠아슈즈\"}]}],[\"$\",\"li\",\"5\",{\"children\":[\"$\",\"a\",null,{\"href\":\"/np/categories/421113\",\"data-el\":\"sports\",\"children\":\"스노클링/다이빙\"}]}],[\"$\",\"li\",\"6\",{\"children\":[\"$\",\"a\",null,{\"href\":\"/np/categories/421136\",\"data-el\":\"sports\",\"children\":\"서핑/수상스키\"}]}],[\"$\",\"li\",\"7\",{\"children\":[\"$\",\"a\",null,{\"href\":\"/np/categories/421143\",\"data-el\":\"sports\",\"children\":\"고무보트/카누\"}]}]]}]]}],[\"$\",\"li\",\"4\",{\"children\":[[\"$\",\"a\",null,{\"href\":\"/np/categories/329515\",\"data-el\":\"sports\",\"children\":[\"구기스포츠\",[\"$\",\"i\",null,{\"className\":\"si\"}]]}],[\"$\",\"ul\",null,{\"className\":\"tdl\",\"children\":[[\"$\",\"li\",\"0\",{\"children\":[\"$\",\"a\",null,{\"href\":\"/np/categories/329516\",\"data-el\":\"sports\",\"children\":\"축구\"}]}],[\"$\",\"li\",\"1\",{\"children\":[\"$\",\"a\",null,{\"href\":\"/np/categories/329546\",\"data-el\":\"sports\",\"children\":\"야구\"}]}],[\"$\",\"li\",\"2\",{\"children\":[\"$\",\"a\",null,{\"href\":\"/np/categories/329582\",\"data-el\":\"sports\",\"children\":\"농구\"}]}],[\"$\",\"li\",\"3\",{\"children\":[\"$\",\"a\",null,{\"href\":\"/np/categories/329597\",\"data-el\":\"sports\",\"children\":\"배구/피구/족구\"}]}],[\"$\",\"li\",\"4\",{\"children\":[\"$\",\"a\",null,{\"href\":\"/np/categories/329614\",\"data-el\":\"sports\",\"children\":\"볼링\"}]}],[\"$\",\"li\",\"5\",{\"children\":[\"$\",\"a\",null,{\"href\":\"/np/categories/329625\",\"data-el\":\"sports\",\"children\":\"당구/포켓볼\"}]}],[\"$\",\"li\",\"6\",{\"children\":[\"$\",\"a\",null,{\"href\":\"/np/categories/329690\",\"data-el\":\"sports\",\"children\":\"기타 구기스포츠\"}]}],[\"$\",\"li\",\"7\",{\"children\":[\"$\",\"a\",null,{\"href\":\"/np/categories/405207\",\"data-el\":\"sports\",\"children\":\"훈련/연습용품\"}]}],[\"$\",\"li\",\"8\",{\"children\":[\"$\",\"a\",null,{\"href\":\"/np/categories/329712\",\"data-el\":\"sports\",\"children\":\"심판의류/용품\"}]}]]}]]}],[\"$\",\"li\",\"5\",{\"children\":[[\"$\",\"a\",null,{\"href\":\"/np/categories/400957\",\"data-el\":\"sports\",\"children\":[\"라켓스포츠\",[\"$\",\"i\",null,{\"className\":\"si\"}]]}],[\"$\",\"ul\",null,{\"className\":\"tdl\",\"children\":[[\"$\",\"li\",\"0\",{\"children\":[\"$\",\"a\",null,{\"href\":\"/np/categories/400958\",\"data-el\":\"sports\",\"children\":\"배드민턴\"}]}],[\"$\",\"li\",\"1\",{\"children\":[\"$\",\"a\",null,{\"href\":\"/np/categories/400971\",\"data-el\":\"sports\",\"children\":\"테니스\"}]}],[\"$\",\"li\",\"2\",{\"children\":[\"$\",\"a\",null,{\"href\":\"/np/categories/400989\",\"data-el\":\"sports\",\"children\":\"스쿼시\"}]}],[\"$\",\"li\",\"3\",{\"children\":[\"$\",\"a\",null,{\"href\":\"/np/categories/400996\",\"data-el\":\"sports\",\"children\":\"탁구\"}]}],[\"$\",\"li\",\"4\",{\"children\":[\"$\",\"a\",null,{\"href\":\"/np/categories/401013\",\"data-el\":\"sports\",\"children\":\"기타 라켓스포츠\"}]}],[\"$\",\"li\",\"5\",{\"children\":[\"$\",\"a\",null,{\"href\":\"/np/categories/401014\",\"data-el\":\"sports\",\"children\":\"훈련/연습용품\"}]}],[\"$\",\"li\",\"6\",{\"children\":[\"$\",\"a\",null,{\"href\":\"/np/categories/401018\",\"data-el\":\"sports\",\"children\":\"심판의류/용품\"}]}]]}]]}],[\"$\",\"li\",\"6\",{\"children\":[[\"$\",\"a\",null,{\"href\":\"/np/categories/329040\",\"data-el\":\"sports\",\"children\":[\"자전거\",[\"$\",\"i\",null,{\"className\":\"si\"}]]}],[\"$\",\"ul\",null,{\"className\":\"tdl\",\"children\":[[\"$\",\"li\",\"0\",{\"children\":[\"$\",\"a\",null,{\"href\":\"/np/categories/396896\",\"data-el\":\"sports\",\"children\":\"자전거\"}]}],[\"$\",\"li\",\"1\",{\"children\":[\"$\",\"a\",null,{\"href\":\"/np/categories/329058\",\"data-el\":\"sports\",\"children\":\"보호장비\"}]}],[\"$\",\"li\",\"2\",{\"children\":[\"$\",\"a\",null,{\"href\":\"/np/categories/329063\",\"data-el\":\"sports\",\"children\":\"자전거 악세서리\"}]}],[\"$\",\"li\",\"3\",{\"children\":[\"$\",\"a\",null,{\"href\":\"/np/categories/329132\",\"data-el\":\"sports\",\"children\":\"자전거부품\"}]}],[\"$\",\"li\",\"4\",{\"children\":[\"$\",\"a\",null,{\"href\":\"/np/categories/396912\",\"data-el\":\"sports\",\"children\":\"자전거의류\"}]}],[\"$\",\"li\",\"5\",{\"children\":[\"$\",\"a\",null,{\"href\":\"/np/categories/329122\",\"data-el\":\"sports\",\"children\":\"자전거장갑/잡화\"}]}],[\"$\",\"li\",\"6\",{\"children\":[\"$\",\"a\",null,{\"href\":\"/np/categories/329111\",\"data-el\":\"sports\",\"children\":\"자전거가방/수납\"}]}],[\"$\",\"li\",\"7\",{\"children\":[\"$\",\"a\",null,{\"href\":\"/np/categories/329105\",\"data-el\":\"sports\",\"children\":\"자전거신발\"}]}],[\"$\",\"li\",\"8\",{\"children\":[\"$\",\"a\",null,{\"href\":\"/np/categories/329183\",\"data-el\":\"sports\",\"children\":\"정비용품\"}]}],[\"$\",\"li\",\"9\",{\"children\":[\"$\",\"a\",null,{\"href\":\"/np/categories/329176\",\"data-el\":\"sports\",\"children\":\"거치대/트레이너\"}]}]]}]]}],[\"$\",\"li\",\"7\",{\"children\":[[\"$\",\"a\",null,{\"href\":\"/np/categories/329189\",\"data-el\":\"sports\",\"children\":[\"킥보드/스케이트\",[\"$\",\"i\",null,{\"className\":\"si\"}]]}],[\"$\",\"ul\",null,{\"className\":\"tdl\",\"children\":[[\"$\",\"li\",\"0\",{\"children\":[\"$\",\"a\",null,{\"href\":\"/np/categories/329190\",\"data-el\":\"sports\",\"children\":\"킥보드/트라이더\"}]}],[\"$\",\"li\",\"1\",{\"children\":[\"$\",\"a\",null,{\"href\":\"/np/categories/329198\",\"data-el\":\"sports\",\"children\":\"전동휠/보드\"}]}],[\"$\",\"li\",\"2\",{\"children\":[\"$\",\"a\",null,{\"href\":\"/np/categories/329202\",\"data-el\":\"sports\",\"children\":\"스케이트보드\"}]}],[\"$\",\"li\",\"3\",{\"children\":[\"$\",\"a\",null,{\"href\":\"/np/categories/329215\",\"data-el\":\"sports\",\"children\":\"인라인스케이트\"}]}],[\"$\",\"li\",\"4\",{\"children\":[\"$\",\"a\",null,{\"href\":\"/np/categories/329222\",\"data-el\":\"sports\",\"children\":\"보호장비\"}]}]]}]]}],[\"$\",\"li\",\"8\",{\"children\":[[\"$\",\"a\",null,{\"href\":\"/np/categories/431783\",\"data-el\":\"sports\",\"children\":[\"등산/아웃도어\",[\"$\",\"i\",null,{\"className\":\"si\"}]]}],[\"$\",\"ul\",null,{\"className\":\"tdl\",\"children\":[[\"$\",\"li\",\"0\",{\"children\":[\"$\",\"a\",null,{\"href\":\"/np/categories/431784\",\"data-el\":\"sports\",\"children\":\"남성등산의류\"}]}],[\"$\",\"li\",\"1\",{\"children\":[\"$\",\"a\",null,{\"href\":\"/np/categories/431794\",\"data-el\":\"sports\",\"children\":\"여성등산의류\"}]}],[\"$\",\"li\",\"2\",{\"children\":[\"$\",\"a\",null,{\"href\":\"/np/categories/431806\",\"data-el\":\"sports\",\"children\":\"유아동등산의류\"}]}],[\"$\",\"li\",\"3\",{\"children\":[\"$\",\"a\",null,{\"href\":\"/np/categories/431811\",\"data-el\":\"sports\",\"children\":\"등산배낭/소품\"}]}],[\"$\",\"li\",\"4\",{\"children\":[\"$\",\"a\",null,{\"href\":\"/np/categories/431821\",\"data-el\":\"sports\",\"children\":\"등산스틱\"}]}],[\"$\",\"li\",\"5\",{\"children\":[\"$\",\"a\",null,{\"href\":\"/np/categories/431823\",\"data-el\":\"sports\",\"children\":\"등산화/아이젠\"}]}],[\"$\",\"li\",\"6\",{\"children\":[\"$\",\"a\",null,{\"href\":\"/np/categories/431920\",\"data-el\":\"sports\",\"children\":\"등산모자/잡화\"}]}],[\"$\",\"li\",\"7\",{\"children\":[\"$\",\"a\",null,{\"href\":\"/np/categories/431848\",\"data-el\":\"sports\",\"children\":\"등산용품/랜턴\"}]}],[\"$\",\"li\",\"8\",{\"children\":[\"$\",\"a\",null,{\"href\":\"/np/categories/431861\",\"data-el\":\"sports\",\"children\":\"나침반/망원경\"}]}],[\"$\",\"li\",\"9\",{\"children\":[\"$\",\"a\",null,{\"href\":\"/np/categories/431865\",\"data-el\":\"sports\",\"children\":\"암벽/등반 장비\"}]}],[\"$\",\"li\",\"10\",{\"children\":[\"$\",\"a\",null,{\"href\":\"/np/categories/431886\",\"data-el\":\"sports\",\"children\":\"빙벽/겨울용품\"}]}]]}]]}],[\"$\",\"li\",\"9\",{\"children\":[[\"$\",\"a\",null,{\"href\":\"/np/categories/329372\",\"data-el\":\"sports\",\"children\":[\"낚시\",[\"$\",\"i\",null,{\"className\":\"si\"}]]}],[\"$\",\"ul\",null,{\"className\":\"tdl\",\"children\":[[\"$\",\"li\",\"0\",{\"children\":[\"$\",\"a\",null,{\"href\":\"/np/categories/329373\",\"data-el\":\"sports\",\"children\":\"바다낚시\"}]}],[\"$\",\"li\",\"1\",{\"children\":[\"$\",\"a\",null,{\"href\":\"/np/categories/329399\",\"data-el\":\"sports\",\"children\":\"민물낚시\"}]}],[\"$\",\"li\",\"2\",{\"children\":[\"$\",\"a\",null,{\"href\":\"/np/categories/329425\",\"data-el\":\"sports\",\"children\":\"낚싯대\"}]}],[\"$\",\"li\",\"3\",{\"children\":[\"$\",\"a\",null,{\"href\":\"/np/categories/329434\",\"data-el\":\"sports\",\"children\":\"낚시릴\"}]}],[\"$\",\"li\",\"4\",{\"children\":[\"$\",\"a\",null,{\"href\":\"/np/categories/329444\",\"data-el\":\"sports\",\"children\":\"줄/바늘/채비\"}]}],[\"$\",\"li\",\"5\",{\"children\":[\"$\",\"a\",null,{\"href\":\"/np/categories/329455\",\"data-el\":\"sports\",\"children\":\"미끼/떡밥/루어\"}]}],[\"$\",\"li\",\"6\",{\"children\":[\"$\",\"a\",null,{\"href\":\"/np/categories/329463\",\"data-el\":\"sports\",\"children\":\"낚시 가방/잡화\"}]}],[\"$\",\"li\",\"7\",{\"children\":[\"$\",\"a\",null,{\"href\":\"/np/categories/329472\",\"data-el\":\"sports\",\"children\":\"낚시복/장화\"}]}],[\"$\",\"li\",\"8\",{\"children\":[\"$\",\"a\",null,{\"href\":\"/np/categories/329478\",\"data-el\":\"sports\",\"children\":\"낚시장비/그물\"}]}],[\"$\",\"li\",\"9\",{\"children\":[\"$\",\"a\",null,{\"href\":\"/np/categories/329494\",\"data-el\":\"sports\",\"children\":\"낚시공구/소품\"}]}],[\"$\",\"li\",\"10\",{\"children\":[\"$\",\"a\",null,{\"href\":\"/np/categories/329508\",\"data-el\":\"sports\",\"children\":\"좌대/야외용품\"}]}]]}]]}],[\"$\",\"li\",\"10\",{\"children\":[[\"$\",\"a\",null,{\"href\":\"/np/categories/328930\",\"data-el\":\"sports\",\"children\":[\"골프\",[\"$\",\"i\",null,{\"className\":\"si\"}]]}],[\"$\",\"ul\",null,{\"className\":\"tdl\",\"children\":[[\"$\",\"li\",\"0\",{\"children\":[\"$\",\"a\",null,{\"href\":\"/np/categories/328931\",\"data-el\":\"sports\",\"children\":\"골프클럽\"}]}],[\"$\",\"li\",\"1\",{\"children\":[\"$\",\"a\",null,{\"href\":\"/np/categories/328946\",\"data-el\":\"sports\",\"children\":\"골프백\"}]}],[\"$\",\"li\",\"2\",{\"children\":[\"$\",\"a\",null,{\"href\":\"/np/categories/328940\",\"data-el\":\"sports\",\"children\":\"피팅/관리용품\"}]}],[\"$\",\"li\",\"3\",{\"children\":[\"$\",\"a\",null,{\"href\":\"/np/categories/429690\",\"data-el\":\"sports\",\"children\":\"골프웨어\"}]}],[\"$\",\"li\",\"4\",{\"children\":[\"$\",\"a\",null,{\"href\":\"/np/categories/328995\",\"data-el\":\"sports\",\"children\":\"골프장갑/잡화\"}]}],[\"$\",\"li\",\"5\",{\"children\":[\"$\",\"a\",null,{\"href\":\"/np/categories/328990\",\"data-el\":\"sports\",\"children\":\"골프화\"}]}],[\"$\",\"li\",\"6\",{\"children\":[\"$\",\"a\",null,{\"href\":\"/np/categories/329012\",\"data-el\":\"sports\",\"children\":\"골프공\"}]}],[\"$\",\"li\",\"7\",{\"children\":[\"$\",\"a\",null,{\"href\":\"/np/categories/329013\",\"data-el\":\"sports\",\"children\":\"필드용품\"}]}],[\"$\",\"li\",\"8\",{\"children\":[\"$\",\"a\",null,{\"href\":\"/np/categories/329028\",\"data-el\":\"sports\",\"children\":\"연습용품\"}]}]]}]]}],[\"$\",\"li\",\"11\",{\"children\":[[\"$\",\"a\",null,{\"href\":\"/np/categories/328637\",\"data-el\":\"sports\",\"children\":[\"스포츠잡화\",[\"$\",\"i\",null,{\"className\":\"si\"}]]}],[\"$\",\"ul\",null,{\"className\":\"tdl\",\"children\":[[\"$\",\"li\",\"0\",{\"children\":[\"$\",\"a\",null,{\"href\":\"/np/categories/328638\",\"data-el\":\"sports\",\"children\":\"가방/파우치\"}]}],[\"$\",\"li\",\"1\",{\"children\":[\"$\",\"a\",null,{\"href\":\"/np/categories/328646\",\"data-el\":\"sports\",\"children\":\"모자\"}]}],[\"$\",\"li\",\"2\",{\"children\":[\"$\",\"a\",null,{\"href\":\"/np/categories/328647\",\"data-el\":\"sports\",\"children\":\"고글/선글라스\"}]}],[\"$\",\"li\",\"3\",{\"children\":[\"$\",\"a\",null,{\"href\":\"/np/categories/328648\",\"data-el\":\"sports\",\"children\":\"장갑\"}]}],[\"$\",\"li\",\"4\",{\"children\":[\"$\",\"a\",null,{\"href\":\"/np/categories/328649\",\"data-el\":\"sports\",\"children\":\"양말/타이즈\"}]}],[\"$\",\"li\",\"5\",{\"children\":[\"$\",\"a\",null,{\"href\":\"/np/categories/328650\",\"data-el\":\"sports\",\"children\":\"팔토시/워머\"}]}],[\"$\",\"li\",\"6\",{\"children\":[\"$\",\"a\",null,{\"href\":\"/np/categories/328651\",\"data-el\":\"sports\",\"children\":\"스카프/넥워머\"}]}],[\"$\",\"li\",\"7\",{\"children\":[\"$\",\"a\",null,{\"href\":\"/np/categories/328655\",\"data-el\":\"sports\",\"children\":\"보호대/아대\"}]}],[\"$\",\"li\",\"8\",{\"children\":[\"$\",\"a\",null,{\"href\":\"/np/categories/328658\",\"data-el\":\"sports\",\"children\":\"시계\"}]}],[\"$\",\"li\",\"9\",{\"children\":[\"$\",\"a\",null,{\"href\":\"/np/categories/328659\",\"data-el\":\"sports\",\"children\":\"벨트\"}]}],[\"$\",\"li\",\"10\",{\"children\":[\"$\",\"a\",null,{\"href\":\"/np/categories/328660\",\"data-el\":\"sports\",\"children\":\"안전밴드\"}]}],[\"$\",\"li\",\"11\",{\"children\":[\"$\",\"a\",null,{\"href\":\"/np/categories/328661\",\"data-el\":\"sports\",\"children\":\"액세서리 기타\"}]}]]}]]}],[\"$\",\"li\",\"12\",{\"children\":[[\"$\",\"a\",null,{\"href\":\"/np/categories/329726\",\"data-el\":\"sports\",\"children\":[\"복싱/검도/태권도\",[\"$\",\"i\",null,{\"className\":\"si\"}]]}],[\"$\",\"ul\",null,{\"className\":\"tdl\",\"children\":[[\"$\",\"li\",\"0\",{\"children\":[\"$\",\"a\",null,{\"href\":\"/np/categories/329741\",\"data-el\":\"sports\",\"children\":\"복싱/격투기\"}]}],[\"$\",\"li\",\"1\",{\"children\":[\"$\",\"a\",null,{\"href\":\"/np/categories/329727\",\"data-el\":\"sports\",\"children\":\"검도\"}]}],[\"$\",\"li\",\"2\",{\"children\":[\"$\",\"a\",null,{\"href\":\"/np/categories/329734\",\"data-el\":\"sports\",\"children\":\"태권도\"}]}],[\"$\",\"li\",\"3\",{\"children\":[\"$\",\"a\",null,{\"href\":\"/np/categories/329752\",\"data-el\":\"sports\",\"children\":\"쌍절곤/기타무술\"}]}]]}]]}],[\"$\",\"li\",\"13\",{\"children\":[[\"$\",\"a\",null,{\"href\":\"/np/categories/328601\",\"data-el\":\"sports\",\"children\":[\"스포츠신발\",[\"$\",\"i\",null,{\"className\":\"si\"}]]}],[\"$\",\"ul\",null,{\"className\":\"tdl\",\"children\":[[\"$\",\"li\",\"0\",{\"children\":[\"$\",\"a\",null,{\"href\":\"/np/categories/328602\",\"data-el\":\"sports\",\"children\":\"런닝화/운동화\"}]}],[\"$\",\"li\",\"1\",{\"children\":[\"$\",\"a\",null,{\"href\":\"/np/categories/328605\",\"data-el\":\"sports\",\"children\":\"샌들/슬리퍼\"}]}],[\"$\",\"li\",\"2\",{\"children\":[\"$\",\"a\",null,{\"href\":\"/np/categories/328608\",\"data-el\":\"sports\",\"children\":\"아쿠아슈즈\"}]}],[\"$\",\"li\",\"3\",{\"children\":[\"$\",\"a\",null,{\"href\":\"/np/categories/328609\",\"data-el\":\"sports\",\"children\":\"등산화\"}]}],[\"$\",\"li\",\"4\",{\"children\":[\"$\",\"a\",null,{\"href\":\"/np/categories/328615\",\"data-el\":\"sports\",\"children\":\"골프화\"}]}],[\"$\",\"li\",\"5\",{\"children\":[\"$\",\"a\",null,{\"href\":\"/np/categories/328616\",\"data-el\":\"sports\",\"children\":\"축구화\"}]}],[\"$\",\"li\",\"6\",{\"children\":[\"$\",\"a\",null,{\"href\":\"/np/categories/328617\",\"data-el\":\"sports\",\"children\":\"야구화\"}]}],[\"$\",\"li\",\"7\",{\"children\":[\"$\",\"a\",null,{\"href\":\"/np/categories/328618\",\"data-el\":\"sports\",\"children\":\"농구화\"}]}],[\"$\",\"li\",\"8\",{\"children\":[\"$\",\"a\",null,{\"href\":\"/np/categories/328619\",\"data-el\":\"sports\",\"children\":\"배구화\"}]}],[\"$\",\"li\",\"9\",{\"children\":[\"$\",\"a\",null,{\"href\":\"/np/categories/328620\",\"data-el\":\"sports\",\"children\":\"족구화\"}]}],[\"$\",\"li\",\"10\",{\"children\":[\"$\",\"a\",null,{\"href\":\"/np/categories/328621\",\"data-el\":\"sports\",\"children\":\"볼링화\"}]}],[\"$\",\"li\",\"11\",{\"children\":[\"$\",\"a\",null,{\"href\":\"/np/categories/328622\",\"data-el\":\"sports\",\"children\":\"배드민턴화\"}]}],[\"$\",\"li\",\"12\",{\"children\":[\"$\",\"a\",null,{\"href\":\"/np/categories/328623\",\"data-el\":\"sports\",\"children\":\"테니스화\"}]}],[\"$\",\"li\",\"13\",{\"className\":\"mc\",\"children\":[\"$\",\"a\",null,{\"href\":\"/np/categories/328624\",\"children\":\"더보기\"}]}]]}]]}],[\"$\",\"li\",\"14\",{\"children\":[[\"$\",\"a\",null,{\"href\":\"/np/categories/328339\",\"data-el\":\"sports\",\"children\":[\"남성스포츠의류\",[\"$\",\"i\",null,{\"className\":\"si\"}]]}],[\"$\",\"ul\",null,{\"className\":\"tdl\",\"children\":[[\"$\",\"li\",\"0\",{\"children\":[\"$\",\"a\",null,{\"href\":\"/np/categories/328340\",\"data-el\":\"sports\",\"children\":\"속옷/언더레이어\"}]}],[\"$\",\"li\",\"1\",{\"children\":[\"$\",\"a\",null,{\"href\":\"/np/categories/328343\",\"data-el\":\"sports\",\"children\":\"스포츠 티셔츠\"}]}],[\"$\",\"li\",\"2\",{\"children\":[\"$\",\"a\",null,{\"href\":\"/np/categories/328346\",\"data-el\":\"sports\",\"children\":\"스포츠 자켓/집업\"}]}],[\"$\",\"li\",\"3\",{\"children\":[\"$\",\"a\",null,{\"href\":\"/np/categories/328352\",\"data-el\":\"sports\",\"children\":\"스포츠 바지/하의\"}]}],[\"$\",\"li\",\"4\",{\"children\":[\"$\",\"a\",null,{\"href\":\"/np/categories/328355\",\"data-el\":\"sports\",\"children\":\"상하의 세트\"}]}],[\"$\",\"li\",\"5\",{\"children\":[\"$\",\"a\",null,{\"href\":\"/np/categories/328356\",\"data-el\":\"sports\",\"children\":\"골프의류\"}]}],[\"$\",\"li\",\"6\",{\"children\":[\"$\",\"a\",null,{\"href\":\"/np/categories/328365\",\"data-el\":\"sports\",\"children\":\"등산의류\"}]}],[\"$\",\"li\",\"7\",{\"children\":[\"$\",\"a\",null,{\"href\":\"/np/categories/328375\",\"data-el\":\"sports\",\"children\":\"자전거의류\"}]}],[\"$\",\"li\",\"8\",{\"children\":[\"$\",\"a\",null,{\"href\":\"/np/categories/328384\",\"data-el\":\"sports\",\"children\":\"수영복/래쉬가드\"}]}],[\"$\",\"li\",\"9\",{\"children\":[\"$\",\"a\",null,{\"href\":\"/np/categories/328393\",\"data-el\":\"sports\",\"children\":\"스키/보드복\"}]}],[\"$\",\"li\",\"10\",{\"children\":[\"$\",\"a\",null,{\"href\":\"/np/categories/328402\",\"data-el\":\"sports\",\"children\":\"축구복\"}]}],[\"$\",\"li\",\"11\",{\"children\":[\"$\",\"a\",null,{\"href\":\"/np/categories/328409\",\"data-el\":\"sports\",\"children\":\"야구복\"}]}],[\"$\",\"li\",\"12\",{\"children\":[\"$\",\"a\",null,{\"href\":\"/np/categories/328415\",\"data-el\":\"sports\",\"children\":\"배드민턴복\"}]}],[\"$\",\"li\",\"13\",{\"className\":\"mc\",\"children\":[\"$\",\"a\",null,{\"href\":\"/np/categories/328419\",\"children\":\"더보기\"}]}]]}]]}],[\"$\",\"li\",\"15\",{\"children\":[[\"$\",\"a\",null,{\"href\":\"/np/categories/328435\",\"data-el\":\"sports\",\"children\":[\"여성스포츠의류\",[\"$\",\"i\",null,{\"className\":\"si\"}]]}],[\"$\",\"ul\",null,{\"className\":\"tdl\",\"children\":[[\"$\",\"li\",\"0\",{\"children\":[\"$\",\"a\",null,{\"href\":\"/np/categories/328436\",\"data-el\":\"sports\",\"children\":\"속옷/언더레이어\"}]}],[\"$\",\"li\",\"1\",{\"children\":[\"$\",\"a\",null,{\"href\":\"/np/categories/328440\",\"data-el\":\"sports\",\"children\":\"스포츠 티셔츠\"}]}],[\"$\",\"li\",\"2\",{\"children\":[\"$\",\"a\",null,{\"href\":\"/np/categories/328443\",\"data-el\":\"sports\",\"children\":\"스포츠 자켓/집업\"}]}],[\"$\",\"li\",\"3\",{\"children\":[\"$\",\"a\",null,{\"href\":\"/np/categories/328449\",\"data-el\":\"sports\",\"children\":\"스포츠 바지/하의\"}]}],[\"$\",\"li\",\"4\",{\"children\":[\"$\",\"a\",null,{\"href\":\"/np/categories/328454\",\"data-el\":\"sports\",\"children\":\"상하의 세트\"}]}],[\"$\",\"li\",\"5\",{\"children\":[\"$\",\"a\",null,{\"href\":\"/np/categories/328455\",\"data-el\":\"sports\",\"children\":\"요가복\"}]}],[\"$\",\"li\",\"6\",{\"children\":[\"$\",\"a\",null,{\"href\":\"/np/categories/328463\",\"data-el\":\"sports\",\"children\":\"골프의류\"}]}],[\"$\",\"li\",\"7\",{\"children\":[\"$\",\"a\",null,{\"href\":\"/np/categories/328474\",\"data-el\":\"sports\",\"children\":\"등산의류\"}]}],[\"$\",\"li\",\"8\",{\"children\":[\"$\",\"a\",null,{\"href\":\"/np/categories/328486\",\"data-el\":\"sports\",\"children\":\"자전거의류\"}]}],[\"$\",\"li\",\"9\",{\"children\":[\"$\",\"a\",null,{\"href\":\"/np/categories/328495\",\"data-el\":\"sports\",\"children\":\"수영복/래쉬가드\"}]}],[\"$\",\"li\",\"10\",{\"children\":[\"$\",\"a\",null,{\"href\":\"/np/categories/328505\",\"data-el\":\"sports\",\"children\":\"스키/보드복\"}]}],[\"$\",\"li\",\"11\",{\"children\":[\"$\",\"a\",null,{\"href\":\"/np/categories/328514\",\"data-el\":\"sports\",\"children\":\"발레복\"}]}],[\"$\",\"li\",\"12\",{\"children\":[\"$\",\"a\",null,{\"href\":\"/np/categories/328515\",\"data-el\":\"sports\",\"children\":\"배드민턴\"}]}],[\"$\",\"li\",\"13\",{\"className\":\"mc\",\"children\":[\"$\",\"a\",null,{\"href\":\"/np/categories/328520\",\"children\":\"더보기\"}]}]]}]]}],[\"$\",\"li\",\"16\",{\"className\":\"mc\",\"children\":[\"$\",\"a\",null,{\"href\":\"/np/categories/328542\",\"children\":\"더보기\"}]}]]}],[\"$\",\"span\",null,{\"className\":\"gnb-banner\",\"style\":{\"background\":\"#FFF\"},\"data-sentry-component\":\"Banner\",\"data-sentry-source-file\":\"Banner.tsx\",\"children\":[[\"$\",\"a\",null,{\"href\":\"https://www.coupang.com/np/siteWideEvent?mlpPageId=1408\",\"title\":\"스포츠/레저\",\"data-el\":\"sports\",\"children\":\"스포츠/레저\"}],[\"$\",\"img\",null,{\"loading\":\"lazy\",\"alt\":\"스포츠/레저\",\"src\":\"https://image7.coupangcdn.com/image/displayitem/displayitem_943962fa-c78e-4bac-acfc-f770811ec11f.png\"}]]}]]}]]}],[\"$\",\"li\",\"9\",{\"className\":\"car wa-category-icon\",\"data-sentry-component\":\"ThirdDepthGnb\",\"data-sentry-source-file\":\"ThirdDepthGnb.tsx\",\"children\":[[\"$\",\"a\",null,{\"href\":\"/np/categories/184060\",\"data-el\":\"car\",\"children\":[\"자동차용품\",[\"$\",\"i\",null,{\"className\":\"si\"}]]}],[\"$\",\"div\",null,{\"className\":\"depth\",\"children\":[[\"$\",\"ul\",null,{\"className\":\"sdl\",\"children\":[[\"$\",\"li\",\"0\",{\"children\":[[\"$\",\"a\",null,{\"href\":\"/np/categories/401027\",\"data-el\":\"car\",\"children\":[\"인테리어\",[\"$\",\"i\",null,{\"className\":\"si\"}]]}],[\"$\",\"ul\",null,{\"className\":\"tdl\",\"children\":[[\"$\",\"li\",\"0\",{\"children\":[\"$\",\"a\",null,{\"href\":\"/np/categories/401028\",\"data-el\":\"car\",\"children\":\"방향제/공기청정\"}]}],[\"$\",\"li\",\"1\",{\"children\":[\"$\",\"a\",null,{\"href\":\"/np/categories/497870\",\"data-el\":\"car\",\"children\":\"바닥매트/트렁크매트\"}]}],[\"$\",\"li\",\"2\",{\"children\":[\"$\",\"a\",null,{\"href\":\"/np/categories/401035\",\"data-el\":\"car\",\"children\":\"시트/쿠션\"}]}],[\"$\",\"li\",\"3\",{\"children\":[\"$\",\"a\",null,{\"href\":\"/np/categories/497873\",\"data-el\":\"car\",\"children\":\"차박매트\"}]}],[\"$\",\"li\",\"4\",{\"children\":[\"$\",\"a\",null,{\"href\":\"/np/categories/401045\",\"data-el\":\"car\",\"children\":\"핸들용품\"}]}],[\"$\",\"li\",\"5\",{\"children\":[\"$\",\"a\",null,{\"href\":\"/np/categories/497877\",\"data-el\":\"car\",\"children\":\"커버/몰딩\"}]}],[\"$\",\"li\",\"6\",{\"children\":[\"$\",\"a\",null,{\"href\":\"/np/categories/401049\",\"data-el\":\"car\",\"children\":\"수납/정리용품\"}]}],[\"$\",\"li\",\"7\",{\"children\":[\"$\",\"a\",null,{\"href\":\"/np/categories/486490\",\"data-el\":\"car\",\"children\":\"편의용품/액세서리\"}]}],[\"$\",\"li\",\"8\",{\"children\":[\"$\",\"a\",null,{\"href\":\"/np/categories/503231\",\"data-el\":\"car\",\"children\":\"햇빛가리개/썬팅\"}]}],[\"$\",\"li\",\"9\",{\"children\":[\"$\",\"a\",null,{\"href\":\"/np/categories/564372\",\"data-el\":\"car\",\"children\":\"기어용품\"}]}]]}]]}],[\"$\",\"li\",\"1\",{\"children\":[[\"$\",\"a\",null,{\"href\":\"/np/categories/401098\",\"data-el\":\"car\",\"children\":[\"익스테리어\",[\"$\",\"i\",null,{\"className\":\"si\"}]]}],[\"$\",\"ul\",null,{\"className\":\"tdl\",\"children\":[[\"$\",\"li\",\"0\",{\"children\":[\"$\",\"a\",null,{\"href\":\"/np/categories/401103\",\"data-el\":\"car\",\"children\":\"스티커/앰블럼\"}]}],[\"$\",\"li\",\"1\",{\"children\":[\"$\",\"a\",null,{\"href\":\"/np/categories/401106\",\"data-el\":\"car\",\"children\":\"문콕방지/몰딩\"}]}],[\"$\",\"li\",\"2\",{\"children\":[\"$\",\"a\",null,{\"href\":\"/np/categories/401115\",\"data-el\":\"car\",\"children\":\"썬바이저\"}]}],[\"$\",\"li\",\"3\",{\"children\":[\"$\",\"a\",null,{\"href\":\"/np/categories/401123\",\"data-el\":\"car\",\"children\":\"번호판스티커/프레임\"}]}],[\"$\",\"li\",\"4\",{\"children\":[\"$\",\"a\",null,{\"href\":\"/np/categories/401120\",\"data-el\":\"car\",\"children\":\"안테나/볼\"}]}],[\"$\",\"li\",\"5\",{\"children\":[\"$\",\"a\",null,{\"href\":\"/np/categories/401117\",\"data-el\":\"car\",\"children\":\"루프/캐리어용품\"}]}],[\"$\",\"li\",\"6\",{\"children\":[\"$\",\"a\",null,{\"href\":\"/np/categories/503239\",\"data-el\":\"car\",\"children\":\"미러용품\"}]}],[\"$\",\"li\",\"7\",{\"children\":[\"$\",\"a\",null,{\"href\":\"/np/categories/503240\",\"data-el\":\"car\",\"children\":\"주유구캡/혼유방지링\"}]}]]}]]}],[\"$\",\"li\",\"2\",{\"children\":[[\"$\",\"a\",null,{\"href\":\"/np/categories/401394\",\"data-el\":\"car\",\"children\":[\"세차/카케어\",[\"$\",\"i\",null,{\"className\":\"si\"}]]}],[\"$\",\"ul\",null,{\"className\":\"tdl\",\"children\":[[\"$\",\"li\",\"0\",{\"children\":[\"$\",\"a\",null,{\"href\":\"/np/categories/401395\",\"data-el\":\"car\",\"children\":\"세차용품세트\"}]}],[\"$\",\"li\",\"1\",{\"children\":[\"$\",\"a\",null,{\"href\":\"/np/categories/401396\",\"data-el\":\"car\",\"children\":\"카샴푸/세정제\"}]}],[\"$\",\"li\",\"2\",{\"children\":[\"$\",\"a\",null,{\"href\":\"/np/categories/401401\",\"data-el\":\"car\",\"children\":\"타월/스펀지\"}]}],[\"$\",\"li\",\"3\",{\"children\":[\"$\",\"a\",null,{\"href\":\"/np/categories/401413\",\"data-el\":\"car\",\"children\":\"세차호스/거품분사기\"}]}],[\"$\",\"li\",\"4\",{\"children\":[\"$\",\"a\",null,{\"href\":\"/np/categories/401416\",\"data-el\":\"car\",\"children\":\"세차박스/스텝박스\"}]}],[\"$\",\"li\",\"5\",{\"children\":[\"$\",\"a\",null,{\"href\":\"/np/categories/401412\",\"data-el\":\"car\",\"children\":\"물왁스/퀵디테일러\"}]}],[\"$\",\"li\",\"6\",{\"children\":[\"$\",\"a\",null,{\"href\":\"/np/categories/401410\",\"data-el\":\"car\",\"children\":\"차량용청소기\"}]}],[\"$\",\"li\",\"7\",{\"children\":[\"$\",\"a\",null,{\"href\":\"/np/categories/401406\",\"data-el\":\"car\",\"children\":\"먼지털이개\"}]}],[\"$\",\"li\",\"8\",{\"children\":[\"$\",\"a\",null,{\"href\":\"/np/categories/503250\",\"data-el\":\"car\",\"children\":\"유리발수코팅제\"}]}],[\"$\",\"li\",\"9\",{\"children\":[\"$\",\"a\",null,{\"href\":\"/np/categories/503251\",\"data-el\":\"car\",\"children\":\"실내세정제\"}]}],[\"$\",\"li\",\"10\",{\"children\":[\"$\",\"a\",null,{\"href\":\"/np/categories/503252\",\"data-el\":\"car\",\"children\":\"흠집제거/복원\"}]}],[\"$\",\"li\",\"11\",{\"children\":[\"$\",\"a\",null,{\"href\":\"/np/categories/503260\",\"data-el\":\"car\",\"children\":\"광택\"}]}],[\"$\",\"li\",\"12\",{\"children\":[\"$\",\"a\",null,{\"href\":\"/np/categories/503267\",\"data-el\":\"car\",\"children\":\"바디커버\"}]}],[\"$\",\"li\",\"13\",{\"className\":\"mc\",\"children\":[\"$\",\"a\",null,{\"href\":\"/np/categories/497883\",\"children\":\"더보기\"}]}]]}]]}],[\"$\",\"li\",\"3\",{\"children\":[[\"$\",\"a\",null,{\"href\":\"/np/categories/401207\",\"data-el\":\"car\",\"children\":[\"차량용 전자기기\",[\"$\",\"i\",null,{\"className\":\"si\"}]]}],[\"$\",\"ul\",null,{\"className\":\"tdl\",\"children\":[[\"$\",\"li\",\"0\",{\"children\":[\"$\",\"a\",null,{\"href\":\"/np/categories/503299\",\"data-el\":\"car\",\"children\":\"HUD/계기판\"}]}],[\"$\",\"li\",\"1\",{\"children\":[\"$\",\"a\",null,{\"href\":\"/np/categories/497774\",\"data-el\":\"car\",\"children\":\"무선충전 거치대\"}]}],[\"$\",\"li\",\"2\",{\"children\":[\"$\",\"a\",null,{\"href\":\"/np/categories/497775\",\"data-el\":\"car\",\"children\":\"일반거치대\"}]}],[\"$\",\"li\",\"3\",{\"children\":[\"$\",\"a\",null,{\"href\":\"/np/categories/401212\",\"data-el\":\"car\",\"children\":\"차량용충전기\"}]}],[\"$\",\"li\",\"4\",{\"children\":[\"$\",\"a\",null,{\"href\":\"/np/categories/401225\",\"data-el\":\"car\",\"children\":\"멀티소켓\"}]}],[\"$\",\"li\",\"5\",{\"children\":[\"$\",\"a\",null,{\"href\":\"/np/categories/401214\",\"data-el\":\"car\",\"children\":\"블랙박스\"}]}],[\"$\",\"li\",\"6\",{\"children\":[\"$\",\"a\",null,{\"href\":\"/np/categories/401217\",\"data-el\":\"car\",\"children\":\"하이패스\"}]}],[\"$\",\"li\",\"7\",{\"children\":[\"$\",\"a\",null,{\"href\":\"/np/categories/401220\",\"data-el\":\"car\",\"children\":\"내비게이션\"}]}],[\"$\",\"li\",\"8\",{\"children\":[\"$\",\"a\",null,{\"href\":\"/np/categories/401226\",\"data-el\":\"car\",\"children\":\"후방카메라/감지기\"}]}],[\"$\",\"li\",\"9\",{\"children\":[\"$\",\"a\",null,{\"href\":\"/np/categories/401229\",\"data-el\":\"car\",\"children\":\"음향기기/AV\"}]}],[\"$\",\"li\",\"10\",{\"children\":[\"$\",\"a\",null,{\"href\":\"/np/categories/487217\",\"data-el\":\"car\",\"children\":\"차량용가전\"}]}],[\"$\",\"li\",\"11\",{\"children\":[\"$\",\"a\",null,{\"href\":\"/np/categories/510523\",\"data-el\":\"car\",\"children\":\"전기차 충전기/악세서리\"}]}],[\"$\",\"li\",\"12\",{\"children\":[\"$\",\"a\",null,{\"href\":\"/np/categories/564318\",\"data-el\":\"car\",\"children\":\"카플레이/안드로이드오토\"}]}]]}]]}],[\"$\",\"li\",\"4\",{\"children\":[[\"$\",\"a\",null,{\"href\":\"/np/categories/503300\",\"data-el\":\"car\",\"children\":[\"RV/아웃도어\",[\"$\",\"i\",null,{\"className\":\"si\"}]]}],[\"$\",\"ul\",null,{\"className\":\"tdl\",\"children\":[[\"$\",\"li\",\"0\",{\"children\":[\"$\",\"a\",null,{\"href\":\"/np/categories/503301\",\"data-el\":\"car\",\"children\":\"캠핑용품\"}]}],[\"$\",\"li\",\"1\",{\"children\":[\"$\",\"a\",null,{\"href\":\"/np/categories/503306\",\"data-el\":\"car\",\"children\":\"차박매트\"}]}],[\"$\",\"li\",\"2\",{\"children\":[\"$\",\"a\",null,{\"href\":\"/np/categories/503307\",\"data-el\":\"car\",\"children\":\"인버터/멀티소켓\"}]}],[\"$\",\"li\",\"3\",{\"children\":[\"$\",\"a\",null,{\"href\":\"/np/categories/503310\",\"data-el\":\"car\",\"children\":\"루프/캐리어용품\"}]}]]}]]}],[\"$\",\"li\",\"5\",{\"children\":[[\"$\",\"a\",null,{\"href\":\"/np/categories/486447\",\"data-el\":\"car\",\"children\":[\"차량관리/소모품\",[\"$\",\"i\",null,{\"className\":\"si\"}]]}],[\"$\",\"ul\",null,{\"className\":\"tdl\",\"children\":[[\"$\",\"li\",\"0\",{\"children\":[\"$\",\"a\",null,{\"href\":\"/np/categories/503246\",\"data-el\":\"car\",\"children\":\"와이퍼\"}]}],[\"$\",\"li\",\"1\",{\"children\":[\"$\",\"a\",null,{\"href\":\"/np/categories/486448\",\"data-el\":\"car\",\"children\":\"워셔액\"}]}],[\"$\",\"li\",\"2\",{\"children\":[\"$\",\"a\",null,{\"href\":\"/np/categories/486449\",\"data-el\":\"car\",\"children\":\"에어컨필터\"}]}],[\"$\",\"li\",\"3\",{\"children\":[\"$\",\"a\",null,{\"href\":\"/np/categories/497749\",\"data-el\":\"car\",\"children\":\"엔진오일\"}]}],[\"$\",\"li\",\"4\",{\"children\":[\"$\",\"a\",null,{\"href\":\"/np/categories/497753\",\"data-el\":\"car\",\"children\":\"첨가제\"}]}],[\"$\",\"li\",\"5\",{\"children\":[\"$\",\"a\",null,{\"href\":\"/np/categories/497759\",\"data-el\":\"car\",\"children\":\"냉각수/부동액\"}]}],[\"$\",\"li\",\"6\",{\"children\":[\"$\",\"a\",null,{\"href\":\"/np/categories/509507\",\"data-el\":\"car\",\"children\":\"요소수\"}]}],[\"$\",\"li\",\"7\",{\"children\":[\"$\",\"a\",null,{\"href\":\"/np/categories/509508\",\"data-el\":\"car\",\"children\":\"초순수/정제수\"}]}],[\"$\",\"li\",\"8\",{\"children\":[\"$\",\"a\",null,{\"href\":\"/np/categories/497767\",\"data-el\":\"car\",\"children\":\"기타 오일/필터\"}]}],[\"$\",\"li\",\"9\",{\"children\":[\"$\",\"a\",null,{\"href\":\"/np/categories/497760\",\"data-el\":\"car\",\"children\":\"점프스타터\"}]}],[\"$\",\"li\",\"10\",{\"children\":[\"$\",\"a\",null,{\"href\":\"/np/categories/497761\",\"data-el\":\"car\",\"children\":\"배터리용품\"}]}],[\"$\",\"li\",\"11\",{\"children\":[\"$\",\"a\",null,{\"href\":\"/np/categories/503268\",\"data-el\":\"car\",\"children\":\"타이어/휠\"}]}],[\"$\",\"li\",\"12\",{\"children\":[\"$\",\"a\",null,{\"href\":\"/np/categories/503284\",\"data-el\":\"car\",\"children\":\"스노우체인\"}]}],[\"$\",\"li\",\"13\",{\"className\":\"mc\",\"children\":[\"$\",\"a\",null,{\"href\":\"/np/categories/503290\",\"children\":\"더보기\"}]}]]}]]}],[\"$\",\"li\",\"6\",{\"children\":[[\"$\",\"a\",null,{\"href\":\"/np/categories/401438\",\"data-el\":\"car\",\"children\":[\"오토바이용품\",[\"$\",\"i\",null,{\"className\":\"si\"}]]}],[\"$\",\"ul\",null,{\"className\":\"tdl\",\"children\":[[\"$\",\"li\",\"0\",{\"children\":[\"$\",\"a\",null,{\"href\":\"/np/categories/401439\",\"data-el\":\"car\",\"children\":\"오토바이/스쿠터\"}]}],[\"$\",\"li\",\"1\",{\"children\":[\"$\",\"a\",null,{\"href\":\"/np/categories/401443\",\"data-el\":\"car\",\"children\":\"헬멧/고글\"}]}],[\"$\",\"li\",\"2\",{\"children\":[\"$\",\"a\",null,{\"href\":\"/np/categories/401447\",\"data-el\":\"car\",\"children\":\"오토바이의류\"}]}],[\"$\",\"li\",\"3\",{\"children\":[\"$\",\"a\",null,{\"href\":\"/np/categories/497791\",\"data-el\":\"car\",\"children\":\"오토바이장갑\"}]}],[\"$\",\"li\",\"4\",{\"children\":[\"$\",\"a\",null,{\"href\":\"/np/categories/497794\",\"data-el\":\"car\",\"children\":\"오토바이부츠/잡화\"}]}],[\"$\",\"li\",\"5\",{\"children\":[\"$\",\"a\",null,{\"href\":\"/np/categories/401462\",\"data-el\":\"car\",\"children\":\"오토바이보호장비\"}]}],[\"$\",\"li\",\"6\",{\"children\":[\"$\",\"a\",null,{\"href\":\"/np/categories/497799\",\"data-el\":\"car\",\"children\":\"배달가방/탑박스\"}]}],[\"$\",\"li\",\"7\",{\"children\":[\"$\",\"a\",null,{\"href\":\"/np/categories/503368\",\"data-el\":\"car\",\"children\":\"오토바이액세서리\"}]}],[\"$\",\"li\",\"8\",{\"children\":[\"$\",\"a\",null,{\"href\":\"/np/categories/401472\",\"data-el\":\"car\",\"children\":\"오토바이부품/튜닝/정비\"}]}],[\"$\",\"li\",\"9\",{\"children\":[\"$\",\"a\",null,{\"href\":\"/np/categories/401484\",\"data-el\":\"car\",\"children\":\"오토바이전자기기\"}]}]]}]]}],[\"$\",\"li\",\"7\",{\"children\":[[\"$\",\"a\",null,{\"href\":\"/np/categories/497290\",\"data-el\":\"car\",\"children\":[\"부품/안전/공구\",[\"$\",\"i\",null,{\"className\":\"si\"}]]}],[\"$\",\"ul\",null,{\"className\":\"tdl\",\"children\":[[\"$\",\"li\",\"0\",{\"children\":[\"$\",\"a\",null,{\"href\":\"/np/categories/497308\",\"data-el\":\"car\",\"children\":\"정전기방지용품\"}]}],[\"$\",\"li\",\"1\",{\"children\":[\"$\",\"a\",null,{\"href\":\"/np/categories/497309\",\"data-el\":\"car\",\"children\":\"안전삼각대/소화기\"}]}],[\"$\",\"li\",\"2\",{\"children\":[\"$\",\"a\",null,{\"href\":\"/np/categories/503314\",\"data-el\":\"car\",\"children\":\"방음재\"}]}],[\"$\",\"li\",\"3\",{\"children\":[\"$\",\"a\",null,{\"href\":\"/np/categories/503317\",\"data-el\":\"car\",\"children\":\"차량용리프트\"}]}],[\"$\",\"li\",\"4\",{\"children\":[\"$\",\"a\",null,{\"href\":\"/np/categories/503318\",\"data-el\":\"car\",\"children\":\"고임목/버팀목\"}]}],[\"$\",\"li\",\"5\",{\"children\":[\"$\",\"a\",null,{\"href\":\"/np/categories/503319\",\"data-el\":\"car\",\"children\":\"카본/레자시트지\"}]}],[\"$\",\"li\",\"6\",{\"children\":[\"$\",\"a\",null,{\"href\":\"/np/categories/503320\",\"data-el\":\"car\",\"children\":\"차량용접착제/테이프\"}]}],[\"$\",\"li\",\"7\",{\"children\":[\"$\",\"a\",null,{\"href\":\"/np/categories/503321\",\"data-el\":\"car\",\"children\":\"차량용공구/장비\"}]}],[\"$\",\"li\",\"8\",{\"children\":[\"$\",\"a\",null,{\"href\":\"/np/categories/503322\",\"data-el\":\"car\",\"children\":\"부품/튜닝용품\"}]}],[\"$\",\"li\",\"9\",{\"children\":[\"$\",\"a\",null,{\"href\":\"/np/categories/503364\",\"data-el\":\"car\",\"children\":\"전기용품\"}]}]]}]]}],[\"$\",\"li\",\"8\",{\"children\":[[\"$\",\"a\",null,{\"href\":\"/np/campaigns/10884\",\"data-el\":\"car\",\"children\":[\"로켓설치 타이어\",null]}],false]}]]}],[\"$\",\"span\",null,{\"className\":\"gnb-banner\",\"style\":{\"background\":\"#FFF\"},\"data-sentry-component\":\"Banner\",\"data-sentry-source-file\":\"Banner.tsx\",\"children\":[[\"$\",\"a\",null,{\"href\":\"https://pages.coupang.com/p/146370\",\"title\":\"자동차용품\",\"data-el\":\"car\",\"children\":\"자동차용품\"}],[\"$\",\"img\",null,{\"loading\":\"lazy\",\"alt\":\"자동차용품\",\"src\":\"https://image8.coupangcdn.com/image/displayitem/displayitem_8c668a01-e706-4c08-b06d-b44381a88de1.jpg\"}]]}]]}]]}],[\"$\",\"li\",\"10\",{\"className\":\"book wa-category-icon\",\"data-sentry-component\":\"ThirdDepthGnb\",\"data-sentry-source-file\":\"ThirdDepthGnb.tsx\",\"children\":[[\"$\",\"a\",null,{\"href\":\"/np/categories/317777\",\"data-el\":\"book\",\"children\":[\"도서/음반/DVD\",[\"$\",\"i\",null,{\"className\":\"si\"}]]}],[\"$\",\"div\",null,{\"className\":\"depth\",\"children\":[[\"$\",\"ul\",null,{\"className\":\"sdl\",\"children\":[[\"$\",\"li\",\"0\",{\"children\":[[\"$\",\"a\",null,{\"href\":\"/np/categories/329984\",\"data-el\":\"book\",\"children\":[\"유아/어린이\",[\"$\",\"i\",null,{\"className\":\"si\"}]]}],[\"$\",\"ul\",null,{\"className\":\"tdl\",\"children\":[[\"$\",\"li\",\"0\",{\"children\":[\"$\",\"a\",null,{\"href\":\"/np/categories/329985\",\"data-el\":\"book\",\"children\":\"그림책\"}]}],[\"$\",\"li\",\"1\",{\"children\":[\"$\",\"a\",null,{\"href\":\"/np/categories/329996\",\"data-el\":\"book\",\"children\":\"어린이 문학\"}]}],[\"$\",\"li\",\"2\",{\"children\":[\"$\",\"a\",null,{\"href\":\"/np/categories/330004\",\"data-el\":\"book\",\"children\":\"초점책/영아책\"}]}],[\"$\",\"li\",\"3\",{\"children\":[\"$\",\"a\",null,{\"href\":\"/np/categories/330008\",\"data-el\":\"book\",\"children\":\"놀이책/토이북\"}]}],[\"$\",\"li\",\"4\",{\"children\":[\"$\",\"a\",null,{\"href\":\"/np/categories/330019\",\"data-el\":\"book\",\"children\":\"학습/교양\"}]}],[\"$\",\"li\",\"5\",{\"children\":[\"$\",\"a\",null,{\"href\":\"/np/categories/330078\",\"data-el\":\"book\",\"children\":\"만화/애니메이션\"}]}],[\"$\",\"li\",\"6\",{\"children\":[\"$\",\"a\",null,{\"href\":\"/np/categories/330084\",\"data-el\":\"book\",\"children\":\"전집/세트\"}]}],[\"$\",\"li\",\"7\",{\"children\":[\"$\",\"a\",null,{\"href\":\"/np/categories/330099\",\"data-el\":\"book\",\"children\":\"어린이 잡지\"}]}],[\"$\",\"li\",\"8\",{\"children\":[\"$\",\"a\",null,{\"href\":\"/np/categories/365590\",\"data-el\":\"book\",\"children\":\"유아동 해외도서\"}]}],[\"$\",\"li\",\"9\",{\"children\":[\"$\",\"a\",null,{\"href\":\"/np/categories/365867\",\"data-el\":\"book\",\"children\":\"음반/DVD\"}]}],[\"$\",\"li\",\"10\",{\"children\":[\"$\",\"a\",null,{\"href\":\"/np/categories/371605\",\"data-el\":\"book\",\"children\":\"누리과정 주제\"}]}],[\"$\",\"li\",\"11\",{\"children\":[\"$\",\"a\",null,{\"href\":\"/np/categories/371611\",\"data-el\":\"book\",\"children\":\"교과서수록도서\"}]}],[\"$\",\"li\",\"12\",{\"children\":[\"$\",\"a\",null,{\"href\":\"/np/categories/374080\",\"data-el\":\"book\",\"children\":\"STEAM도서\"}]}]]}]]}],[\"$\",\"li\",\"1\",{\"children\":[[\"$\",\"a\",null,{\"href\":\"/np/categories/330184\",\"data-el\":\"book\",\"children\":[\"소설/에세이/시\",[\"$\",\"i\",null,{\"className\":\"si\"}]]}],[\"$\",\"ul\",null,{\"className\":\"tdl\",\"children\":[[\"$\",\"li\",\"0\",{\"children\":[\"$\",\"a\",null,{\"href\":\"/np/categories/330185\",\"data-el\":\"book\",\"children\":\"소설\"}]}],[\"$\",\"li\",\"1\",{\"children\":[\"$\",\"a\",null,{\"href\":\"/np/categories/330201\",\"data-el\":\"book\",\"children\":\"장르소설\"}]}],[\"$\",\"li\",\"2\",{\"children\":[\"$\",\"a\",null,{\"href\":\"/np/categories/330211\",\"data-el\":\"book\",\"children\":\"테마소설\"}]}],[\"$\",\"li\",\"3\",{\"children\":[\"$\",\"a\",null,{\"href\":\"/np/categories/330239\",\"data-el\":\"book\",\"children\":\"고전문학/신화\"}]}],[\"$\",\"li\",\"4\",{\"children\":[\"$\",\"a\",null,{\"href\":\"/np/categories/330253\",\"data-el\":\"book\",\"children\":\"문학전집\"}]}],[\"$\",\"li\",\"5\",{\"children\":[\"$\",\"a\",null,{\"href\":\"/np/categories/330216\",\"data-el\":\"book\",\"children\":\"에세이\"}]}],[\"$\",\"li\",\"6\",{\"children\":[\"$\",\"a\",null,{\"href\":\"/np/categories/330233\",\"data-el\":\"book\",\"children\":\"시\"}]}],[\"$\",\"li\",\"7\",{\"children\":[\"$\",\"a\",null,{\"href\":\"/np/categories/330238\",\"data-el\":\"book\",\"children\":\"희곡/시나리오\"}]}],[\"$\",\"li\",\"8\",{\"children\":[\"$\",\"a\",null,{\"href\":\"/np/categories/330254\",\"data-el\":\"book\",\"children\":\"문학잡지\"}]}]]}]]}],[\"$\",\"li\",\"2\",{\"children\":[[\"$\",\"a\",null,{\"href\":\"/np/categories/331062\",\"data-el\":\"book\",\"children\":[\"초중고참고서\",[\"$\",\"i\",null,{\"className\":\"si\"}]]}],[\"$\",\"ul\",null,{\"className\":\"tdl\",\"children\":[[\"$\",\"li\",\"0\",{\"children\":[\"$\",\"a\",null,{\"href\":\"/np/categories/331064\",\"data-el\":\"book\",\"children\":\"초등학생\"}]}],[\"$\",\"li\",\"1\",{\"children\":[\"$\",\"a\",null,{\"href\":\"/np/categories/331076\",\"data-el\":\"book\",\"children\":\"중학생\"}]}],[\"$\",\"li\",\"2\",{\"children\":[\"$\",\"a\",null,{\"href\":\"/np/categories/331085\",\"data-el\":\"book\",\"children\":\"고등학생\"}]}]]}]]}],[\"$\",\"li\",\"3\",{\"children\":[[\"$\",\"a\",null,{\"href\":\"/np/categories/330112\",\"data-el\":\"book\",\"children\":[\"가정 살림\",[\"$\",\"i\",null,{\"className\":\"si\"}]]}],[\"$\",\"ul\",null,{\"className\":\"tdl\",\"children\":[[\"$\",\"li\",\"0\",{\"children\":[\"$\",\"a\",null,{\"href\":\"/np/categories/330113\",\"data-el\":\"book\",\"children\":\"요리\"}]}],[\"$\",\"li\",\"1\",{\"children\":[\"$\",\"a\",null,{\"href\":\"/np/categories/330147\",\"data-el\":\"book\",\"children\":\"임신/출산/태교\"}]}],[\"$\",\"li\",\"2\",{\"children\":[\"$\",\"a\",null,{\"href\":\"/np/categories/330152\",\"data-el\":\"book\",\"children\":\"결혼/가족\"}]}],[\"$\",\"li\",\"3\",{\"children\":[\"$\",\"a\",null,{\"href\":\"/np/categories/330157\",\"data-el\":\"book\",\"children\":\"육아/교육\"}]}],[\"$\",\"li\",\"4\",{\"children\":[\"$\",\"a\",null,{\"href\":\"/np/categories/330165\",\"data-el\":\"book\",\"children\":\"자녀 학습/학교\"}]}],[\"$\",\"li\",\"5\",{\"children\":[\"$\",\"a\",null,{\"href\":\"/np/categories/330174\",\"data-el\":\"book\",\"children\":\"살림/정리수납\"}]}],[\"$\",\"li\",\"6\",{\"children\":[\"$\",\"a\",null,{\"href\":\"/np/categories/330178\",\"data-el\":\"book\",\"children\":\"집/인테리어\"}]}],[\"$\",\"li\",\"7\",{\"children\":[\"$\",\"a\",null,{\"href\":\"/np/categories/330183\",\"data-el\":\"book\",\"children\":\"원예/조경/텃밭\"}]}]]}]]}],[\"$\",\"li\",\"4\",{\"children\":[[\"$\",\"a\",null,{\"href\":\"/np/categories/330320\",\"data-el\":\"book\",\"children\":[\"건강 취미\",[\"$\",\"i\",null,{\"className\":\"si\"}]]}],[\"$\",\"ul\",null,{\"className\":\"tdl\",\"children\":[[\"$\",\"li\",\"0\",{\"children\":[\"$\",\"a\",null,{\"href\":\"/np/categories/330321\",\"data-el\":\"book\",\"children\":\"다이어트/미용\"}]}],[\"$\",\"li\",\"1\",{\"children\":[\"$\",\"a\",null,{\"href\":\"/np/categories/330324\",\"data-el\":\"book\",\"children\":\"요가/체조/기타\"}]}],[\"$\",\"li\",\"2\",{\"children\":[\"$\",\"a\",null,{\"href\":\"/np/categories/330325\",\"data-el\":\"book\",\"children\":\"스포츠/오락\"}]}],[\"$\",\"li\",\"3\",{\"children\":[\"$\",\"a\",null,{\"href\":\"/np/categories/330332\",\"data-el\":\"book\",\"children\":\"등산/낚시/바둑\"}]}],[\"$\",\"li\",\"4\",{\"children\":[\"$\",\"a\",null,{\"href\":\"/np/categories/330333\",\"data-el\":\"book\",\"children\":\"건강정보\"}]}],[\"$\",\"li\",\"5\",{\"children\":[\"$\",\"a\",null,{\"href\":\"/np/categories/330337\",\"data-el\":\"book\",\"children\":\"의학/약학\"}]}],[\"$\",\"li\",\"6\",{\"children\":[\"$\",\"a\",null,{\"href\":\"/np/categories/330338\",\"data-el\":\"book\",\"children\":\"질병과 치료법\"}]}],[\"$\",\"li\",\"7\",{\"children\":[\"$\",\"a\",null,{\"href\":\"/np/categories/330354\",\"data-el\":\"book\",\"children\":\"한의학/한방치료\"}]}],[\"$\",\"li\",\"8\",{\"children\":[\"$\",\"a\",null,{\"href\":\"/np/categories/330355\",\"data-el\":\"book\",\"children\":\"컬러링북\"}]}],[\"$\",\"li\",\"9\",{\"children\":[\"$\",\"a\",null,{\"href\":\"/np/categories/330356\",\"data-el\":\"book\",\"children\":\"공예/DIY\"}]}],[\"$\",\"li\",\"10\",{\"children\":[\"$\",\"a\",null,{\"href\":\"/np/categories/330364\",\"data-el\":\"book\",\"children\":\"원예\"}]}],[\"$\",\"li\",\"11\",{\"children\":[\"$\",\"a\",null,{\"href\":\"/np/categories/330365\",\"data-el\":\"book\",\"children\":\"패션/뷰티\"}]}],[\"$\",\"li\",\"12\",{\"children\":[\"$\",\"a\",null,{\"href\":\"/np/categories/330371\",\"data-el\":\"book\",\"children\":\"퍼즐/스도쿠\"}]}],[\"$\",\"li\",\"13\",{\"className\":\"mc\",\"children\":[\"$\",\"a\",null,{\"href\":\"/np/categories/330372\",\"children\":\"더보기\"}]}]]}]]}],[\"$\",\"li\",\"5\",{\"children\":[[\"$\",\"a\",null,{\"href\":\"/np/categories/330255\",\"data-el\":\"book\",\"children\":[\"경제 경영\",[\"$\",\"i\",null,{\"className\":\"si\"}]]}],[\"$\",\"ul\",null,{\"className\":\"tdl\",\"children\":[[\"$\",\"li\",\"0\",{\"children\":[\"$\",\"a\",null,{\"href\":\"/np/categories/330256\",\"data-el\":\"book\",\"children\":\"경제\"}]}],[\"$\",\"li\",\"1\",{\"children\":[\"$\",\"a\",null,{\"href\":\"/np/categories/330265\",\"data-el\":\"book\",\"children\":\"경영\"}]}],[\"$\",\"li\",\"2\",{\"children\":[\"$\",\"a\",null,{\"href\":\"/np/categories/330279\",\"data-el\":\"book\",\"children\":\"마케팅/세일즈\"}]}],[\"$\",\"li\",\"3\",{\"children\":[\"$\",\"a\",null,{\"href\":\"/np/categories/330285\",\"data-el\":\"book\",\"children\":\"투자/재테크\"}]}],[\"$\",\"li\",\"4\",{\"children\":[\"$\",\"a\",null,{\"href\":\"/np/categories/330290\",\"data-el\":\"book\",\"children\":\"인터넷비즈니스\"}]}],[\"$\",\"li\",\"5\",{\"children\":[\"$\",\"a\",null,{\"href\":\"/np/categories/330293\",\"data-el\":\"book\",\"children\":\"창업/취업/은퇴\"}]}],[\"$\",\"li\",\"6\",{\"children\":[\"$\",\"a\",null,{\"href\":\"/np/categories/330297\",\"data-el\":\"book\",\"children\":\"성공스토리\"}]}],[\"$\",\"li\",\"7\",{\"children\":[\"$\",\"a\",null,{\"href\":\"/np/categories/330298\",\"data-el\":\"book\",\"children\":\"경제/시사잡지\"}]}],[\"$\",\"li\",\"8\",{\"children\":[\"$\",\"a\",null,{\"href\":\"/np/categories/330301\",\"data-el\":\"book\",\"children\":\"총람/간행물\"}]}]]}]]}],[\"$\",\"li\",\"6\",{\"children\":[[\"$\",\"a\",null,{\"href\":\"/np/categories/330795\",\"data-el\":\"book\",\"children\":[\"과학/공학\",[\"$\",\"i\",null,{\"className\":\"si\"}]]}],[\"$\",\"ul\",null,{\"className\":\"tdl\",\"children\":[[\"$\",\"li\",\"0\",{\"children\":[\"$\",\"a\",null,{\"href\":\"/np/categories/330796\",\"data-el\":\"book\",\"children\":\"기초과학/교양과학\"}]}],[\"$\",\"li\",\"1\",{\"children\":[\"$\",\"a\",null,{\"href\":\"/np/categories/330800\",\"data-el\":\"book\",\"children\":\"과학자\"}]}],[\"$\",\"li\",\"2\",{\"children\":[\"$\",\"a\",null,{\"href\":\"/np/categories/330801\",\"data-el\":\"book\",\"children\":\"뇌과학\"}]}],[\"$\",\"li\",\"3\",{\"children\":[\"$\",\"a\",null,{\"href\":\"/np/categories/330804\",\"data-el\":\"book\",\"children\":\"의학/법의학\"}]}],[\"$\",\"li\",\"4\",{\"children\":[\"$\",\"a\",null,{\"href\":\"/np/categories/330805\",\"data-el\":\"book\",\"children\":\"생명과학\"}]}],[\"$\",\"li\",\"5\",{\"children\":[\"$\",\"a\",null,{\"href\":\"/np/categories/330815\",\"data-el\":\"book\",\"children\":\"화학\"}]}],[\"$\",\"li\",\"6\",{\"children\":[\"$\",\"a\",null,{\"href\":\"/np/categories/330821\",\"data-el\":\"book\",\"children\":\"수학\"}]}],[\"$\",\"li\",\"7\",{\"children\":[\"$\",\"a\",null,{\"href\":\"/np/categories/330828\",\"data-el\":\"book\",\"children\":\"물리\"}]}],[\"$\",\"li\",\"8\",{\"children\":[\"$\",\"a\",null,{\"href\":\"/np/categories/330834\",\"data-el\":\"book\",\"children\":\"지구과학\"}]}],[\"$\",\"li\",\"9\",{\"children\":[\"$\",\"a\",null,{\"href\":\"/np/categories/330838\",\"data-el\":\"book\",\"children\":\"천문학\"}]}],[\"$\",\"li\",\"10\",{\"children\":[\"$\",\"a\",null,{\"href\":\"/np/categories/330842\",\"data-el\":\"book\",\"children\":\"인체\"}]}],[\"$\",\"li\",\"11\",{\"children\":[\"$\",\"a\",null,{\"href\":\"/np/categories/330845\",\"data-el\":\"book\",\"children\":\"공학\"}]}],[\"$\",\"li\",\"12\",{\"children\":[\"$\",\"a\",null,{\"href\":\"/np/categories/330852\",\"data-el\":\"book\",\"children\":\"농/축/수산학\"}]}],[\"$\",\"li\",\"13\",{\"className\":\"mc\",\"children\":[\"$\",\"a\",null,{\"href\":\"/np/categories/330853\",\"children\":\"더보기\"}]}]]}]]}],[\"$\",\"li\",\"7\",{\"children\":[[\"$\",\"a\",null,{\"href\":\"/np/categories/330972\",\"data-el\":\"book\",\"children\":[\"국어/외국어/사전\",[\"$\",\"i\",null,{\"className\":\"si\"}]]}],[\"$\",\"ul\",null,{\"className\":\"tdl\",\"children\":[[\"$\",\"li\",\"0\",{\"children\":[\"$\",\"a\",null,{\"href\":\"/np/categories/330973\",\"data-el\":\"book\",\"children\":\"국어\"}]}],[\"$\",\"li\",\"1\",{\"children\":[\"$\",\"a\",null,{\"href\":\"/np/categories/330983\",\"data-el\":\"book\",\"children\":\"한자\"}]}],[\"$\",\"li\",\"2\",{\"children\":[\"$\",\"a\",null,{\"href\":\"/np/categories/330986\",\"data-el\":\"book\",\"children\":\"영어\"}]}],[\"$\",\"li\",\"3\",{\"children\":[\"$\",\"a\",null,{\"href\":\"/np/categories/330998\",\"data-el\":\"book\",\"children\":\"영어시험대비\"}]}],[\"$\",\"li\",\"4\",{\"children\":[\"$\",\"a\",null,{\"href\":\"/np/categories/331027\",\"data-el\":\"book\",\"children\":\"일본어\"}]}],[\"$\",\"li\",\"5\",{\"children\":[\"$\",\"a\",null,{\"href\":\"/np/categories/331035\",\"data-el\":\"book\",\"children\":\"중국어\"}]}],[\"$\",\"li\",\"6\",{\"children\":[\"$\",\"a\",null,{\"href\":\"/np/categories/331043\",\"data-el\":\"book\",\"children\":\"중동/아랍어\"}]}],[\"$\",\"li\",\"7\",{\"children\":[\"$\",\"a\",null,{\"href\":\"/np/categories/331044\",\"data-el\":\"book\",\"children\":\"독일어\"}]}],[\"$\",\"li\",\"8\",{\"children\":[\"$\",\"a\",null,{\"href\":\"/np/categories/331045\",\"data-el\":\"book\",\"children\":\"프랑스어\"}]}],[\"$\",\"li\",\"9\",{\"children\":[\"$\",\"a\",null,{\"href\":\"/np/categories/331046\",\"data-el\":\"book\",\"children\":\"이탈리아어\"}]}],[\"$\",\"li\",\"10\",{\"children\":[\"$\",\"a\",null,{\"href\":\"/np/categories/331047\",\"data-el\":\"book\",\"children\":\"스페인어\"}]}],[\"$\",\"li\",\"11\",{\"children\":[\"$\",\"a\",null,{\"href\":\"/np/categories/331048\",\"data-el\":\"book\",\"children\":\"러시아어\"}]}],[\"$\",\"li\",\"12\",{\"children\":[\"$\",\"a\",null,{\"href\":\"/np/categories/331049\",\"data-el\":\"book\",\"children\":\"기타 동양어\"}]}],[\"$\",\"li\",\"13\",{\"className\":\"mc\",\"children\":[\"$\",\"a\",null,{\"href\":\"/np/categories/331050\",\"children\":\"더보기\"}]}]]}]]}],[\"$\",\"li\",\"8\",{\"children\":[[\"$\",\"a\",null,{\"href\":\"/np/categories/331100\",\"data-el\":\"book\",\"children\":[\"대학교재\",[\"$\",\"i\",null,{\"className\":\"si\"}]]}],[\"$\",\"ul\",null,{\"className\":\"tdl\",\"children\":[[\"$\",\"li\",\"0\",{\"children\":[\"$\",\"a\",null,{\"href\":\"/np/categories/331101\",\"data-el\":\"book\",\"children\":\"인문학 계열\"}]}],[\"$\",\"li\",\"1\",{\"children\":[\"$\",\"a\",null,{\"href\":\"/np/categories/331111\",\"data-el\":\"book\",\"children\":\"어문학 계열\"}]}],[\"$\",\"li\",\"2\",{\"children\":[\"$\",\"a\",null,{\"href\":\"/np/categories/331126\",\"data-el\":\"book\",\"children\":\"자연과학 계열\"}]}],[\"$\",\"li\",\"3\",{\"children\":[\"$\",\"a\",null,{\"href\":\"/np/categories/331136\",\"data-el\":\"book\",\"children\":\"의약학/간호 계열\"}]}],[\"$\",\"li\",\"4\",{\"children\":[\"$\",\"a\",null,{\"href\":\"/np/categories/331189\",\"data-el\":\"book\",\"children\":\"사범대 계열\"}]}],[\"$\",\"li\",\"5\",{\"children\":[\"$\",\"a\",null,{\"href\":\"/np/categories/331199\",\"data-el\":\"book\",\"children\":\"농축산학 계열\"}]}],[\"$\",\"li\",\"6\",{\"children\":[\"$\",\"a\",null,{\"href\":\"/np/categories/331203\",\"data-el\":\"book\",\"children\":\"경상계열\"}]}],[\"$\",\"li\",\"7\",{\"children\":[\"$\",\"a\",null,{\"href\":\"/np/categories/331246\",\"data-el\":\"book\",\"children\":\"예체능/문화/기타 계열\"}]}],[\"$\",\"li\",\"8\",{\"children\":[\"$\",\"a\",null,{\"href\":\"/np/categories/331255\",\"data-el\":\"book\",\"children\":\"사회과학 계열\"}]}],[\"$\",\"li\",\"9\",{\"children\":[\"$\",\"a\",null,{\"href\":\"/np/categories/331269\",\"data-el\":\"book\",\"children\":\"법학계열\"}]}],[\"$\",\"li\",\"10\",{\"children\":[\"$\",\"a\",null,{\"href\":\"/np/categories/331285\",\"data-el\":\"book\",\"children\":\"공학계열\"}]}]]}]]}],[\"$\",\"li\",\"9\",{\"children\":[[\"$\",\"a\",null,{\"href\":\"/np/categories/330646\",\"data-el\":\"book\",\"children\":[\"만화/라이트노벨\",[\"$\",\"i\",null,{\"className\":\"si\"}]]}],[\"$\",\"ul\",null,{\"className\":\"tdl\",\"children\":[[\"$\",\"li\",\"0\",{\"children\":[\"$\",\"a\",null,{\"href\":\"/np/categories/330647\",\"data-el\":\"book\",\"children\":\"만화 비평/작법\"}]}],[\"$\",\"li\",\"1\",{\"children\":[\"$\",\"a\",null,{\"href\":\"/np/categories/330650\",\"data-el\":\"book\",\"children\":\"애니메이션\"}]}],[\"$\",\"li\",\"2\",{\"children\":[\"$\",\"a\",null,{\"href\":\"/np/categories/330651\",\"data-el\":\"book\",\"children\":\"예술만화/교양만화\"}]}],[\"$\",\"li\",\"3\",{\"children\":[\"$\",\"a\",null,{\"href\":\"/np/categories/330652\",\"data-el\":\"book\",\"children\":\"시사/풍자만화\"}]}],[\"$\",\"li\",\"4\",{\"children\":[\"$\",\"a\",null,{\"href\":\"/np/categories/330653\",\"data-el\":\"book\",\"children\":\"취미/직업만화\"}]}],[\"$\",\"li\",\"5\",{\"children\":[\"$\",\"a\",null,{\"href\":\"/np/categories/330654\",\"data-el\":\"book\",\"children\":\"역사만화\"}]}],[\"$\",\"li\",\"6\",{\"children\":[\"$\",\"a\",null,{\"href\":\"/np/categories/330655\",\"data-el\":\"book\",\"children\":\"코믹/명랑만화\"}]}],[\"$\",\"li\",\"7\",{\"children\":[\"$\",\"a\",null,{\"href\":\"/np/categories/330656\",\"data-el\":\"book\",\"children\":\"스포츠만화\"}]}],[\"$\",\"li\",\"8\",{\"children\":[\"$\",\"a\",null,{\"href\":\"/np/categories/330657\",\"data-el\":\"book\",\"children\":\"소년만화\"}]}],[\"$\",\"li\",\"9\",{\"children\":[\"$\",\"a\",null,{\"href\":\"/np/categories/330661\",\"data-el\":\"book\",\"children\":\"장르만화\"}]}],[\"$\",\"li\",\"10\",{\"children\":[\"$\",\"a\",null,{\"href\":\"/np/categories/330665\",\"data-el\":\"book\",\"children\":\"드라마만화\"}]}],[\"$\",\"li\",\"11\",{\"children\":[\"$\",\"a\",null,{\"href\":\"/np/categories/330666\",\"data-el\":\"book\",\"children\":\"성인만화\"}]}],[\"$\",\"li\",\"12\",{\"children\":[\"$\",\"a\",null,{\"href\":\"/np/categories/330667\",\"data-el\":\"book\",\"children\":\"순정만화\"}]}],[\"$\",\"li\",\"13\",{\"className\":\"mc\",\"children\":[\"$\",\"a\",null,{\"href\":\"/np/categories/330668\",\"children\":\"더보기\"}]}]]}]]}],[\"$\",\"li\",\"10\",{\"children\":[[\"$\",\"a\",null,{\"href\":\"/np/categories/330585\",\"data-el\":\"book\",\"children\":[\"사회 정치\",[\"$\",\"i\",null,{\"className\":\"si\"}]]}],[\"$\",\"ul\",null,{\"className\":\"tdl\",\"children\":[[\"$\",\"li\",\"0\",{\"children\":[\"$\",\"a\",null,{\"href\":\"/np/categories/330586\",\"data-el\":\"book\",\"children\":\"생태/환경\"}]}],[\"$\",\"li\",\"1\",{\"children\":[\"$\",\"a\",null,{\"href\":\"/np/categories/330587\",\"data-el\":\"book\",\"children\":\"사회학\"}]}],[\"$\",\"li\",\"2\",{\"children\":[\"$\",\"a\",null,{\"href\":\"/np/categories/330593\",\"data-el\":\"book\",\"children\":\"사회비평/비판\"}]}],[\"$\",\"li\",\"3\",{\"children\":[\"$\",\"a\",null,{\"href\":\"/np/categories/330594\",\"data-el\":\"book\",\"children\":\"정치/외교\"}]}],[\"$\",\"li\",\"4\",{\"children\":[\"$\",\"a\",null,{\"href\":\"/np/categories/330602\",\"data-el\":\"book\",\"children\":\"북한/통일\"}]}],[\"$\",\"li\",\"5\",{\"children\":[\"$\",\"a\",null,{\"href\":\"/np/categories/330603\",\"data-el\":\"book\",\"children\":\"행정\"}]}],[\"$\",\"li\",\"6\",{\"children\":[\"$\",\"a\",null,{\"href\":\"/np/categories/330607\",\"data-el\":\"book\",\"children\":\"국방/군사\"}]}],[\"$\",\"li\",\"7\",{\"children\":[\"$\",\"a\",null,{\"href\":\"/np/categories/330611\",\"data-el\":\"book\",\"children\":\"법과 생활\"}]}],[\"$\",\"li\",\"8\",{\"children\":[\"$\",\"a\",null,{\"href\":\"/np/categories/330625\",\"data-el\":\"book\",\"children\":\"여성/젠더\"}]}],[\"$\",\"li\",\"9\",{\"children\":[\"$\",\"a\",null,{\"href\":\"/np/categories/330629\",\"data-el\":\"book\",\"children\":\"언론/미디어\"}]}],[\"$\",\"li\",\"10\",{\"children\":[\"$\",\"a\",null,{\"href\":\"/np/categories/330636\",\"data-el\":\"book\",\"children\":\"교육\"}]}],[\"$\",\"li\",\"11\",{\"children\":[\"$\",\"a\",null,{\"href\":\"/np/categories/330643\",\"data-el\":\"book\",\"children\":\"사회단체/NGO\"}]}],[\"$\",\"li\",\"12\",{\"children\":[\"$\",\"a\",null,{\"href\":\"/np/categories/330644\",\"data-el\":\"book\",\"children\":\"지리학/지정학\"}]}],[\"$\",\"li\",\"13\",{\"className\":\"mc\",\"children\":[\"$\",\"a\",null,{\"href\":\"/np/categories/330645\",\"children\":\"더보기\"}]}]]}]]}],[\"$\",\"li\",\"11\",{\"children\":[[\"$\",\"a\",null,{\"href\":\"/np/categories/331298\",\"data-el\":\"book\",\"children\":[\"수험서/자격증\",[\"$\",\"i\",null,{\"className\":\"si\"}]]}],[\"$\",\"ul\",null,{\"className\":\"tdl\",\"children\":[[\"$\",\"li\",\"0\",{\"children\":[\"$\",\"a\",null,{\"href\":\"/np/categories/331299\",\"data-el\":\"book\",\"children\":\"공무원 준비관\"}]}],[\"$\",\"li\",\"1\",{\"children\":[\"$\",\"a\",null,{\"href\":\"/np/categories/331348\",\"data-el\":\"book\",\"children\":\"교원임용시험\"}]}],[\"$\",\"li\",\"2\",{\"children\":[\"$\",\"a\",null,{\"href\":\"/np/categories/331356\",\"data-el\":\"book\",\"children\":\"한국사능력검정시험\"}]}],[\"$\",\"li\",\"3\",{\"children\":[\"$\",\"a\",null,{\"href\":\"/np/categories/331360\",\"data-el\":\"book\",\"children\":\"한국어능력검정시험\"}]}],[\"$\",\"li\",\"4\",{\"children\":[\"$\",\"a\",null,{\"href\":\"/np/categories/331361\",\"data-el\":\"book\",\"children\":\"한자시험\"}]}],[\"$\",\"li\",\"5\",{\"children\":[\"$\",\"a\",null,{\"href\":\"/np/categories/331362\",\"data-el\":\"book\",\"children\":\"취업/상식/적성\"}]}],[\"$\",\"li\",\"6\",{\"children\":[\"$\",\"a\",null,{\"href\":\"/np/categories/331367\",\"data-el\":\"book\",\"children\":\"경제/금융/회계\"}]}],[\"$\",\"li\",\"7\",{\"children\":[\"$\",\"a\",null,{\"href\":\"/np/categories/331424\",\"data-el\":\"book\",\"children\":\"공인중개/주택관리\"}]}],[\"$\",\"li\",\"8\",{\"children\":[\"$\",\"a\",null,{\"href\":\"/np/categories/331427\",\"data-el\":\"book\",\"children\":\"법/인문/사회/고시\"}]}],[\"$\",\"li\",\"9\",{\"children\":[\"$\",\"a\",null,{\"href\":\"/np/categories/331443\",\"data-el\":\"book\",\"children\":\"보건/위생/의학\"}]}],[\"$\",\"li\",\"10\",{\"children\":[\"$\",\"a\",null,{\"href\":\"/np/categories/331454\",\"data-el\":\"book\",\"children\":\"한국산업인력공단\"}]}],[\"$\",\"li\",\"11\",{\"children\":[\"$\",\"a\",null,{\"href\":\"/np/categories/331574\",\"data-el\":\"book\",\"children\":\"편입/검정고시/독학사\"}]}],[\"$\",\"li\",\"12\",{\"children\":[\"$\",\"a\",null,{\"href\":\"/np/categories/331591\",\"data-el\":\"book\",\"children\":\"LEET:법학적성시험\"}]}],[\"$\",\"li\",\"13\",{\"className\":\"mc\",\"children\":[\"$\",\"a\",null,{\"href\":\"/np/categories/331597\",\"children\":\"더보기\"}]}]]}]]}],[\"$\",\"li\",\"12\",{\"children\":[[\"$\",\"a\",null,{\"href\":\"/np/categories/330379\",\"data-el\":\"book\",\"children\":[\"여행\",[\"$\",\"i\",null,{\"className\":\"si\"}]]}],[\"$\",\"ul\",null,{\"className\":\"tdl\",\"children\":[[\"$\",\"li\",\"0\",{\"children\":[\"$\",\"a\",null,{\"href\":\"/np/categories/330380\",\"data-el\":\"book\",\"children\":\"해외여행\"}]}],[\"$\",\"li\",\"1\",{\"children\":[\"$\",\"a\",null,{\"href\":\"/np/categories/330408\",\"data-el\":\"book\",\"children\":\"국내여행\"}]}],[\"$\",\"li\",\"2\",{\"children\":[\"$\",\"a\",null,{\"href\":\"/np/categories/330418\",\"data-el\":\"book\",\"children\":\"테마여행\"}]}],[\"$\",\"li\",\"3\",{\"children\":[\"$\",\"a\",null,{\"href\":\"/np/categories/330428\",\"data-el\":\"book\",\"children\":\"지도/지리\"}]}],[\"$\",\"li\",\"4\",{\"children\":[\"$\",\"a\",null,{\"href\":\"/np/categories/330432\",\"data-el\":\"book\",\"children\":\"여행회화\"}]}],[\"$\",\"li\",\"5\",{\"children\":[\"$\",\"a\",null,{\"href\":\"/np/categories/330433\",\"data-el\":\"book\",\"children\":\"워킹 홀리데이\"}]}],[\"$\",\"li\",\"6\",{\"children\":[\"$\",\"a\",null,{\"href\":\"/np/categories/330434\",\"data-el\":\"book\",\"children\":\"유학/해외연수/이민\"}]}],[\"$\",\"li\",\"7\",{\"children\":[\"$\",\"a\",null,{\"href\":\"/np/categories/330435\",\"data-el\":\"book\",\"children\":\"여행 에세이\"}]}]]}]]}],[\"$\",\"li\",\"13\",{\"children\":[[\"$\",\"a\",null,{\"href\":\"/np/categories/330521\",\"data-el\":\"book\",\"children\":[\"역사\",[\"$\",\"i\",null,{\"className\":\"si\"}]]}],[\"$\",\"ul\",null,{\"className\":\"tdl\",\"children\":[[\"$\",\"li\",\"0\",{\"children\":[\"$\",\"a\",null,{\"href\":\"/np/categories/330522\",\"data-el\":\"book\",\"children\":\"한국사 일반\"}]}],[\"$\",\"li\",\"1\",{\"children\":[\"$\",\"a\",null,{\"href\":\"/np/categories/330523\",\"data-el\":\"book\",\"children\":\"한국고대/고려사\"}]}],[\"$\",\"li\",\"2\",{\"children\":[\"$\",\"a\",null,{\"href\":\"/np/categories/330527\",\"data-el\":\"book\",\"children\":\"조선사\"}]}],[\"$\",\"li\",\"3\",{\"children\":[\"$\",\"a\",null,{\"href\":\"/np/categories/330528\",\"data-el\":\"book\",\"children\":\"한국근현대사\"}]}],[\"$\",\"li\",\"4\",{\"children\":[\"$\",\"a\",null,{\"href\":\"/np/categories/330532\",\"data-el\":\"book\",\"children\":\"한국문화\"}]}],[\"$\",\"li\",\"5\",{\"children\":[\"$\",\"a\",null,{\"href\":\"/np/categories/330533\",\"data-el\":\"book\",\"children\":\"북한사\"}]}],[\"$\",\"li\",\"6\",{\"children\":[\"$\",\"a\",null,{\"href\":\"/np/categories/330534\",\"data-el\":\"book\",\"children\":\"일본사\"}]}],[\"$\",\"li\",\"7\",{\"children\":[\"$\",\"a\",null,{\"href\":\"/np/categories/330540\",\"data-el\":\"book\",\"children\":\"중국사\"}]}],[\"$\",\"li\",\"8\",{\"children\":[\"$\",\"a\",null,{\"href\":\"/np/categories/330546\",\"data-el\":\"book\",\"children\":\"아시아사\"}]}],[\"$\",\"li\",\"9\",{\"children\":[\"$\",\"a\",null,{\"href\":\"/np/categories/330552\",\"data-el\":\"book\",\"children\":\"서양사\"}]}],[\"$\",\"li\",\"10\",{\"children\":[\"$\",\"a\",null,{\"href\":\"/np/categories/330555\",\"data-el\":\"book\",\"children\":\"유럽사\"}]}],[\"$\",\"li\",\"11\",{\"children\":[\"$\",\"a\",null,{\"href\":\"/np/categories/330562\",\"data-el\":\"book\",\"children\":\"아메리카사/기타\"}]}],[\"$\",\"li\",\"12\",{\"children\":[\"$\",\"a\",null,{\"href\":\"/np/categories/330565\",\"data-el\":\"book\",\"children\":\"아프리카/오세아니아사\"}]}],[\"$\",\"li\",\"13\",{\"className\":\"mc\",\"children\":[\"$\",\"a\",null,{\"href\":\"/np/categories/330566\",\"children\":\"더보기\"}]}]]}]]}],[\"$\",\"li\",\"14\",{\"children\":[[\"$\",\"a\",null,{\"href\":\"/np/categories/330674\",\"data-el\":\"book\",\"children\":[\"예술\",[\"$\",\"i\",null,{\"className\":\"si\"}]]}],[\"$\",\"ul\",null,{\"className\":\"tdl\",\"children\":[[\"$\",\"li\",\"0\",{\"children\":[\"$\",\"a\",null,{\"href\":\"/np/categories/330675\",\"data-el\":\"book\",\"children\":\"건축\"}]}],[\"$\",\"li\",\"1\",{\"children\":[\"$\",\"a\",null,{\"href\":\"/np/categories/330678\",\"data-el\":\"book\",\"children\":\"미술\"}]}],[\"$\",\"li\",\"2\",{\"children\":[\"$\",\"a\",null,{\"href\":\"/np/categories/330689\",\"data-el\":\"book\",\"children\":\"음악\"}]}],[\"$\",\"li\",\"3\",{\"children\":[\"$\",\"a\",null,{\"href\":\"/np/categories/330704\",\"data-el\":\"book\",\"children\":\"사진\"}]}],[\"$\",\"li\",\"4\",{\"children\":[\"$\",\"a\",null,{\"href\":\"/np/categories/330710\",\"data-el\":\"book\",\"children\":\"무용\"}]}],[\"$\",\"li\",\"5\",{\"children\":[\"$\",\"a\",null,{\"href\":\"/np/categories/330713\",\"data-el\":\"book\",\"children\":\"연극/공연\"}]}],[\"$\",\"li\",\"6\",{\"children\":[\"$\",\"a\",null,{\"href\":\"/np/categories/330717\",\"data-el\":\"book\",\"children\":\"영화/비디오\"}]}],[\"$\",\"li\",\"7\",{\"children\":[\"$\",\"a\",null,{\"href\":\"/np/categories/330721\",\"data-el\":\"book\",\"children\":\"대중음악\"}]}],[\"$\",\"li\",\"8\",{\"children\":[\"$\",\"a\",null,{\"href\":\"/np/categories/330725\",\"data-el\":\"book\",\"children\":\"예술/대중문화 이해\"}]}],[\"$\",\"li\",\"9\",{\"children\":[\"$\",\"a\",null,{\"href\":\"/np/categories/330728\",\"data-el\":\"book\",\"children\":\"TV/라디오\"}]}],[\"$\",\"li\",\"10\",{\"children\":[\"$\",\"a\",null,{\"href\":\"/np/categories/330729\",\"data-el\":\"book\",\"children\":\"예술치료\"}]}],[\"$\",\"li\",\"11\",{\"children\":[\"$\",\"a\",null,{\"href\":\"/np/categories/330730\",\"data-el\":\"book\",\"children\":\"예술기행\"}]}],[\"$\",\"li\",\"12\",{\"children\":[\"$\",\"a\",null,{\"href\":\"/np/categories/330731\",\"data-el\":\"book\",\"children\":\"연예인 화보집\"}]}]]}]]}],[\"$\",\"li\",\"15\",{\"children\":[[\"$\",\"a\",null,{\"href\":\"/np/categories/330479\",\"data-el\":\"book\",\"children\":[\"인문\",[\"$\",\"i\",null,{\"className\":\"si\"}]]}],[\"$\",\"ul\",null,{\"className\":\"tdl\",\"children\":[[\"$\",\"li\",\"0\",{\"children\":[\"$\",\"a\",null,{\"href\":\"/np/categories/330480\",\"data-el\":\"book\",\"children\":\"인문 일반\"}]}],[\"$\",\"li\",\"1\",{\"children\":[\"$\",\"a\",null,{\"href\":\"/np/categories/330486\",\"data-el\":\"book\",\"children\":\"철학/사상 일반\"}]}],[\"$\",\"li\",\"2\",{\"children\":[\"$\",\"a\",null,{\"href\":\"/np/categories/330487\",\"data-el\":\"book\",\"children\":\"심리학/심리일반\"}]}],[\"$\",\"li\",\"3\",{\"children\":[\"$\",\"a\",null,{\"href\":\"/np/categories/330494\",\"data-el\":\"book\",\"children\":\"기호학/언어학\"}]}],[\"$\",\"li\",\"4\",{\"children\":[\"$\",\"a\",null,{\"href\":\"/np/categories/330497\",\"data-el\":\"book\",\"children\":\"종교학/신화학\"}]}],[\"$\",\"li\",\"5\",{\"children\":[\"$\",\"a\",null,{\"href\":\"/np/categories/330503\",\"data-el\":\"book\",\"children\":\"한국철학\"}]}],[\"$\",\"li\",\"6\",{\"children\":[\"$\",\"a\",null,{\"href\":\"/np/categories/330507\",\"data-el\":\"book\",\"children\":\"동양철학\"}]}],[\"$\",\"li\",\"7\",{\"children\":[\"$\",\"a\",null,{\"href\":\"/np/categories/330514\",\"data-el\":\"book\",\"children\":\"서양철학\"}]}],[\"$\",\"li\",\"8\",{\"children\":[\"$\",\"a\",null,{\"href\":\"/np/categories/330519\",\"data-el\":\"book\",\"children\":\"논리학\"}]}],[\"$\",\"li\",\"9\",{\"children\":[\"$\",\"a\",null,{\"href\":\"/np/categories/330520\",\"data-el\":\"book\",\"children\":\"윤리학\"}]}],[\"$\",\"li\",\"10\",{\"children\":[\"$\",\"a\",null,{\"href\":\"/np/categories/497970\",\"data-el\":\"book\",\"children\":\"비평/창작/이론\"}]}]]}]]}],[\"$\",\"li\",\"16\",{\"className\":\"mc\",\"children\":[\"$\",\"a\",null,{\"href\":\"/np/categories/330304\",\"children\":\"더보기\"}]}]]}],[\"$\",\"span\",null,{\"className\":\"gnb-banner\",\"style\":{\"background\":\"#FFF\"},\"data-sentry-component\":\"Banner\",\"data-sentry-source-file\":\"Banner.tsx\",\"children\":[[\"$\",\"a\",null,{\"href\":\"https://pages.coupang.com/p/141183\",\"title\":\"도서/음반/DVD\",\"data-el\":\"book\",\"children\":\"도서/음반/DVD\"}],[\"$\",\"img\",null,{\"loading\":\"lazy\",\"alt\":\"도서/음반/DVD\",\"src\":\"https://image8.coupangcdn.com/image/displayitem/displayitem_f75ebcdb-1b36-43d6-b74c-4215eb33ce77.png\"}]]}]]}]]}],[\"$\",\"li\",\"11\",{\"className\":\"hobby wa-category-icon\",\"data-sentry-component\":\"ThirdDepthGnb\",\"data-sentry-source-file\":\"ThirdDepthGnb.tsx\",\"children\":[[\"$\",\"a\",null,{\"href\":\"/np/categories/317779\",\"data-el\":\"hobby\",\"children\":[\"완구/취미\",[\"$\",\"i\",null,{\"className\":\"si\"}]]}],[\"$\",\"div\",null,{\"className\":\"depth\",\"children\":[[\"$\",\"ul\",null,{\"className\":\"sdl\",\"children\":[[\"$\",\"li\",\"0\",{\"children\":[[\"$\",\"a\",null,{\"href\":\"/np/campaigns/21585\",\"data-el\":\"hobby\",\"children\":[\"브랜드컬렉션\",null]}],false]}],[\"$\",\"li\",\"1\",{\"children\":[[\"$\",\"a\",null,{\"href\":\"/np/campaigns/20251\",\"data-el\":\"hobby\",\"children\":[\"캐릭터별완구\",[\"$\",\"i\",null,{\"className\":\"si\"}]]}],[\"$\",\"ul\",null,{\"className\":\"tdl\",\"children\":[[\"$\",\"li\",\"0\",{\"children\":[\"$\",\"a\",null,{\"href\":\"/np/campaigns/1850\",\"data-el\":\"hobby\",\"children\":\"뽀로로\"}]}],[\"$\",\"li\",\"1\",{\"children\":[\"$\",\"a\",null,{\"href\":\"/np/campaigns/20326\",\"data-el\":\"hobby\",\"children\":\"타요\"}]}],[\"$\",\"li\",\"2\",{\"children\":[\"$\",\"a\",null,{\"href\":\"/np/campaigns/20328\",\"data-el\":\"hobby\",\"children\":\"수퍼윙스\"}]}],[\"$\",\"li\",\"3\",{\"children\":[\"$\",\"a\",null,{\"href\":\"/np/campaigns/1578\",\"data-el\":\"hobby\",\"children\":\"신비아파트\"}]}],[\"$\",\"li\",\"4\",{\"children\":[\"$\",\"a\",null,{\"href\":\"/np/campaigns/1853\",\"data-el\":\"hobby\",\"children\":\"콩순이\"}]}],[\"$\",\"li\",\"5\",{\"children\":[\"$\",\"a\",null,{\"href\":\"/np/campaigns/20330\",\"data-el\":\"hobby\",\"children\":\"시크릿쥬쥬\"}]}],[\"$\",\"li\",\"6\",{\"children\":[\"$\",\"a\",null,{\"href\":\"/np/campaigns/234\",\"data-el\":\"hobby\",\"children\":\"헬로카봇\"}]}],[\"$\",\"li\",\"7\",{\"children\":[\"$\",\"a\",null,{\"href\":\"/np/campaigns/20332\",\"data-el\":\"hobby\",\"children\":\"캐치티니핑\"}]}],[\"$\",\"li\",\"8\",{\"children\":[\"$\",\"a\",null,{\"href\":\"/np/campaigns/20334\",\"data-el\":\"hobby\",\"children\":\"파워레인저\"}]}],[\"$\",\"li\",\"9\",{\"children\":[\"$\",\"a\",null,{\"href\":\"/np/campaigns/876\",\"data-el\":\"hobby\",\"children\":\"베이블레이드\"}]}],[\"$\",\"li\",\"10\",{\"children\":[\"$\",\"a\",null,{\"href\":\"/np/campaigns/1925\",\"data-el\":\"hobby\",\"children\":\"실바니안패밀리\"}]}],[\"$\",\"li\",\"11\",{\"children\":[\"$\",\"a\",null,{\"href\":\"/np/campaigns/20336\",\"data-el\":\"hobby\",\"children\":\"미미\"}]}],[\"$\",\"li\",\"12\",{\"children\":[\"$\",\"a\",null,{\"href\":\"/np/campaigns/20338\",\"data-el\":\"hobby\",\"children\":\"포켓몬스터\"}]}],[\"$\",\"li\",\"13\",{\"className\":\"mc\",\"children\":[\"$\",\"a\",null,{\"href\":\"/np/campaigns/20340\",\"children\":\"더보기\"}]}]]}]]}],[\"$\",\"li\",\"2\",{\"children\":[[\"$\",\"a\",null,{\"href\":\"/np/campaigns/872\",\"data-el\":\"hobby\",\"children\":[\"연령별완구\",[\"$\",\"i\",null,{\"className\":\"si\"}]]}],[\"$\",\"ul\",null,{\"className\":\"tdl\",\"children\":[[\"$\",\"li\",\"0\",{\"children\":[\"$\",\"a\",null,{\"href\":\"/np/campaigns/228\",\"data-el\":\"hobby\",\"children\":\"24개월이하\"}]}],[\"$\",\"li\",\"1\",{\"children\":[\"$\",\"a\",null,{\"href\":\"/np/campaigns/229\",\"data-el\":\"hobby\",\"children\":\"2~5세\"}]}],[\"$\",\"li\",\"2\",{\"children\":[\"$\",\"a\",null,{\"href\":\"/np/campaigns/230\",\"data-el\":\"hobby\",\"children\":\"5~8세\"}]}],[\"$\",\"li\",\"3\",{\"children\":[\"$\",\"a\",null,{\"href\":\"/np/campaigns/231\",\"data-el\":\"hobby\",\"children\":\"8~12세\"}]}],[\"$\",\"li\",\"4\",{\"children\":[\"$\",\"a\",null,{\"href\":\"/np/campaigns/232\",\"data-el\":\"hobby\",\"children\":\"13세이상\"}]}]]}]]}],[\"$\",\"li\",\"3\",{\"children\":[[\"$\",\"a\",null,{\"href\":\"/np/categories/331852\",\"data-el\":\"hobby\",\"children\":[\"로봇/작동완구\",[\"$\",\"i\",null,{\"className\":\"si\"}]]}],[\"$\",\"ul\",null,{\"className\":\"tdl\",\"children\":[[\"$\",\"li\",\"0\",{\"children\":[\"$\",\"a\",null,{\"href\":\"/np/categories/331853\",\"data-el\":\"hobby\",\"children\":\"로봇\"}]}],[\"$\",\"li\",\"1\",{\"children\":[\"$\",\"a\",null,{\"href\":\"/np/categories/331860\",\"data-el\":\"hobby\",\"children\":\"베이블레이드/배틀팽이\"}]}],[\"$\",\"li\",\"2\",{\"children\":[\"$\",\"a\",null,{\"href\":\"/np/categories/331864\",\"data-el\":\"hobby\",\"children\":\"교통수단\"}]}],[\"$\",\"li\",\"3\",{\"children\":[\"$\",\"a\",null,{\"href\":\"/np/categories/331873\",\"data-el\":\"hobby\",\"children\":\"동물\"}]}],[\"$\",\"li\",\"4\",{\"children\":[\"$\",\"a\",null,{\"href\":\"/np/categories/331874\",\"data-el\":\"hobby\",\"children\":\"장난감총/칼\"}]}],[\"$\",\"li\",\"5\",{\"children\":[\"$\",\"a\",null,{\"href\":\"/np/categories/331877\",\"data-el\":\"hobby\",\"children\":\"작동완구\"}]}],[\"$\",\"li\",\"6\",{\"children\":[\"$\",\"a\",null,{\"href\":\"/np/categories/331887\",\"data-el\":\"hobby\",\"children\":\"어린이RC완구\"}]}],[\"$\",\"li\",\"7\",{\"children\":[\"$\",\"a\",null,{\"href\":\"/np/categories/331898\",\"data-el\":\"hobby\",\"children\":\"풀백장난감\"}]}],[\"$\",\"li\",\"8\",{\"children\":[\"$\",\"a\",null,{\"href\":\"/np/categories/331899\",\"data-el\":\"hobby\",\"children\":\"태엽장난감\"}]}]]}]]}],[\"$\",\"li\",\"4\",{\"children\":[[\"$\",\"a\",null,{\"href\":\"/np/categories/331991\",\"data-el\":\"hobby\",\"children\":[\"학습완구/교구\",[\"$\",\"i\",null,{\"className\":\"si\"}]]}],[\"$\",\"ul\",null,{\"className\":\"tdl\",\"children\":[[\"$\",\"li\",\"0\",{\"children\":[\"$\",\"a\",null,{\"href\":\"/np/categories/331992\",\"data-el\":\"hobby\",\"children\":\"과학/자연학습\"}]}],[\"$\",\"li\",\"1\",{\"children\":[\"$\",\"a\",null,{\"href\":\"/np/categories/332054\",\"data-el\":\"hobby\",\"children\":\"기술/공학완구\"}]}],[\"$\",\"li\",\"2\",{\"children\":[\"$\",\"a\",null,{\"href\":\"/np/categories/332064\",\"data-el\":\"hobby\",\"children\":\"미술/점토\"}]}],[\"$\",\"li\",\"3\",{\"children\":[\"$\",\"a\",null,{\"href\":\"/np/categories/332124\",\"data-el\":\"hobby\",\"children\":\"음악/악기놀이\"}]}],[\"$\",\"li\",\"4\",{\"children\":[\"$\",\"a\",null,{\"href\":\"/np/categories/332148\",\"data-el\":\"hobby\",\"children\":\"수학/도형완구\"}]}],[\"$\",\"li\",\"5\",{\"children\":[\"$\",\"a\",null,{\"href\":\"/np/categories/332160\",\"data-el\":\"hobby\",\"children\":\"언어학습완구\"}]}],[\"$\",\"li\",\"6\",{\"children\":[\"$\",\"a\",null,{\"href\":\"/np/categories/332169\",\"data-el\":\"hobby\",\"children\":\"학습카드\"}]}],[\"$\",\"li\",\"7\",{\"children\":[\"$\",\"a\",null,{\"href\":\"/np/categories/332170\",\"data-el\":\"hobby\",\"children\":\"학습벽보\"}]}],[\"$\",\"li\",\"8\",{\"children\":[\"$\",\"a\",null,{\"href\":\"/np/categories/332171\",\"data-el\":\"hobby\",\"children\":\"원목교구/가베\"}]}],[\"$\",\"li\",\"9\",{\"children\":[\"$\",\"a\",null,{\"href\":\"/np/categories/332185\",\"data-el\":\"hobby\",\"children\":\"퍼즐\"}]}],[\"$\",\"li\",\"10\",{\"children\":[\"$\",\"a\",null,{\"href\":\"/np/categories/332208\",\"data-el\":\"hobby\",\"children\":\"디지털학습완구\"}]}],[\"$\",\"li\",\"11\",{\"children\":[\"$\",\"a\",null,{\"href\":\"/np/categories/332221\",\"data-el\":\"hobby\",\"children\":\"자석/학습보드\"}]}]]}]]}],[\"$\",\"li\",\"5\",{\"children\":[[\"$\",\"a\",null,{\"href\":\"/np/categories/373941\",\"data-el\":\"hobby\",\"children\":[\"STEAM완구\",[\"$\",\"i\",null,{\"className\":\"si\"}]]}],[\"$\",\"ul\",null,{\"className\":\"tdl\",\"children\":[[\"$\",\"li\",\"0\",{\"children\":[\"$\",\"a\",null,{\"href\":\"/np/categories/373947\",\"data-el\":\"hobby\",\"children\":\"과학(S)\"}]}],[\"$\",\"li\",\"1\",{\"children\":[\"$\",\"a\",null,{\"href\":\"/np/categories/373994\",\"data-el\":\"hobby\",\"children\":\"기술(T)\"}]}],[\"$\",\"li\",\"2\",{\"children\":[\"$\",\"a\",null,{\"href\":\"/np/categories/374010\",\"data-el\":\"hobby\",\"children\":\"공학(E)\"}]}],[\"$\",\"li\",\"3\",{\"children\":[\"$\",\"a\",null,{\"href\":\"/np/categories/374019\",\"data-el\":\"hobby\",\"children\":\"예술(A)\"}]}],[\"$\",\"li\",\"4\",{\"children\":[\"$\",\"a\",null,{\"href\":\"/np/categories/374067\",\"data-el\":\"hobby\",\"children\":\"수학(M)\"}]}]]}]]}],[\"$\",\"li\",\"6\",{\"children\":[[\"$\",\"a\",null,{\"href\":\"/np/categories/331900\",\"data-el\":\"hobby\",\"children\":[\"블록놀이\",[\"$\",\"i\",null,{\"className\":\"si\"}]]}],[\"$\",\"ul\",null,{\"className\":\"tdl\",\"children\":[[\"$\",\"li\",\"0\",{\"children\":[\"$\",\"a\",null,{\"href\":\"/np/categories/331901\",\"data-el\":\"hobby\",\"children\":\"레고\"}]}],[\"$\",\"li\",\"1\",{\"children\":[\"$\",\"a\",null,{\"href\":\"/np/categories/331904\",\"data-el\":\"hobby\",\"children\":\"옥스포드\"}]}],[\"$\",\"li\",\"2\",{\"children\":[\"$\",\"a\",null,{\"href\":\"/np/categories/331905\",\"data-el\":\"hobby\",\"children\":\"나노블록\"}]}],[\"$\",\"li\",\"3\",{\"children\":[\"$\",\"a\",null,{\"href\":\"/np/categories/331906\",\"data-el\":\"hobby\",\"children\":\"플레이모빌\"}]}],[\"$\",\"li\",\"4\",{\"children\":[\"$\",\"a\",null,{\"href\":\"/np/categories/331907\",\"data-el\":\"hobby\",\"children\":\"사각/십자블록\"}]}],[\"$\",\"li\",\"5\",{\"children\":[\"$\",\"a\",null,{\"href\":\"/np/categories/331908\",\"data-el\":\"hobby\",\"children\":\"원목블록\"}]}],[\"$\",\"li\",\"6\",{\"children\":[\"$\",\"a\",null,{\"href\":\"/np/categories/331909\",\"data-el\":\"hobby\",\"children\":\"자석블록\"}]}],[\"$\",\"li\",\"7\",{\"children\":[\"$\",\"a\",null,{\"href\":\"/np/categories/331910\",\"data-el\":\"hobby\",\"children\":\"소프트블록\"}]}],[\"$\",\"li\",\"8\",{\"children\":[\"$\",\"a\",null,{\"href\":\"/np/categories/331911\",\"data-el\":\"hobby\",\"children\":\"벽돌블록/빅블록\"}]}],[\"$\",\"li\",\"9\",{\"children\":[\"$\",\"a\",null,{\"href\":\"/np/categories/331912\",\"data-el\":\"hobby\",\"children\":\"기어블록\"}]}],[\"$\",\"li\",\"10\",{\"children\":[\"$\",\"a\",null,{\"href\":\"/np/categories/331913\",\"data-el\":\"hobby\",\"children\":\"마블런/레일블록\"}]}],[\"$\",\"li\",\"11\",{\"children\":[\"$\",\"a\",null,{\"href\":\"/np/categories/373745\",\"data-el\":\"hobby\",\"children\":\"나사조립블록\"}]}],[\"$\",\"li\",\"12\",{\"children\":[\"$\",\"a\",null,{\"href\":\"/np/categories/331914\",\"data-el\":\"hobby\",\"children\":\"도미노\"}]}]]}]]}],[\"$\",\"li\",\"7\",{\"children\":[[\"$\",\"a\",null,{\"href\":\"/np/categories/331940\",\"data-el\":\"hobby\",\"children\":[\"역할놀이\",[\"$\",\"i\",null,{\"className\":\"si\"}]]}],[\"$\",\"ul\",null,{\"className\":\"tdl\",\"children\":[[\"$\",\"li\",\"0\",{\"children\":[\"$\",\"a\",null,{\"href\":\"/np/categories/331941\",\"data-el\":\"hobby\",\"children\":\"주방놀이\"}]}],[\"$\",\"li\",\"1\",{\"children\":[\"$\",\"a\",null,{\"href\":\"/np/categories/331942\",\"data-el\":\"hobby\",\"children\":\"소꿉놀이\"}]}],[\"$\",\"li\",\"2\",{\"children\":[\"$\",\"a\",null,{\"href\":\"/np/categories/331943\",\"data-el\":\"hobby\",\"children\":\"공구놀이\"}]}],[\"$\",\"li\",\"3\",{\"children\":[\"$\",\"a\",null,{\"href\":\"/np/categories/331944\",\"data-el\":\"hobby\",\"children\":\"마트/계산대놀이\"}]}],[\"$\",\"li\",\"4\",{\"children\":[\"$\",\"a\",null,{\"href\":\"/np/categories/331945\",\"data-el\":\"hobby\",\"children\":\"화장/꾸미기놀이\"}]}],[\"$\",\"li\",\"5\",{\"children\":[\"$\",\"a\",null,{\"href\":\"/np/categories/331951\",\"data-el\":\"hobby\",\"children\":\"아기돌보기놀이\"}]}],[\"$\",\"li\",\"6\",{\"children\":[\"$\",\"a\",null,{\"href\":\"/np/categories/331954\",\"data-el\":\"hobby\",\"children\":\"병원놀이\"}]}],[\"$\",\"li\",\"7\",{\"children\":[\"$\",\"a\",null,{\"href\":\"/np/categories/331955\",\"data-el\":\"hobby\",\"children\":\"청소놀이\"}]}],[\"$\",\"li\",\"8\",{\"children\":[\"$\",\"a\",null,{\"href\":\"/np/categories/331956\",\"data-el\":\"hobby\",\"children\":\"만들기토이\"}]}],[\"$\",\"li\",\"9\",{\"children\":[\"$\",\"a\",null,{\"href\":\"/np/categories/331957\",\"data-el\":\"hobby\",\"children\":\"악기놀이\"}]}],[\"$\",\"li\",\"10\",{\"children\":[\"$\",\"a\",null,{\"href\":\"/np/categories/331967\",\"data-el\":\"hobby\",\"children\":\"모래놀이\"}]}],[\"$\",\"li\",\"11\",{\"children\":[\"$\",\"a\",null,{\"href\":\"/np/categories/331968\",\"data-el\":\"hobby\",\"children\":\"낚시놀이\"}]}],[\"$\",\"li\",\"12\",{\"children\":[\"$\",\"a\",null,{\"href\":\"/np/categories/331969\",\"data-el\":\"hobby\",\"children\":\"장난감총/칼\"}]}],[\"$\",\"li\",\"13\",{\"className\":\"mc\",\"children\":[\"$\",\"a\",null,{\"href\":\"/np/categories/331972\",\"children\":\"더보기\"}]}]]}]]}],[\"$\",\"li\",\"8\",{\"children\":[[\"$\",\"a\",null,{\"href\":\"/np/categories/332699\",\"data-el\":\"hobby\",\"children\":[\"스포츠/야외완구\",[\"$\",\"i\",null,{\"className\":\"si\"}]]}],[\"$\",\"ul\",null,{\"className\":\"tdl\",\"children\":[[\"$\",\"li\",\"0\",{\"children\":[\"$\",\"a\",null,{\"href\":\"/np/categories/332700\",\"data-el\":\"hobby\",\"children\":\"구기종목\"}]}],[\"$\",\"li\",\"1\",{\"children\":[\"$\",\"a\",null,{\"href\":\"/np/categories/332711\",\"data-el\":\"hobby\",\"children\":\"양궁/사격/다트\"}]}],[\"$\",\"li\",\"2\",{\"children\":[\"$\",\"a\",null,{\"href\":\"/np/categories/332720\",\"data-el\":\"hobby\",\"children\":\"유아동장난감총\"}]}],[\"$\",\"li\",\"3\",{\"children\":[\"$\",\"a\",null,{\"href\":\"/np/categories/332721\",\"data-el\":\"hobby\",\"children\":\"비누방울/버블건\"}]}],[\"$\",\"li\",\"4\",{\"children\":[\"$\",\"a\",null,{\"href\":\"/np/categories/332722\",\"data-el\":\"hobby\",\"children\":\"물총\"}]}],[\"$\",\"li\",\"5\",{\"children\":[\"$\",\"a\",null,{\"href\":\"/np/categories/332723\",\"data-el\":\"hobby\",\"children\":\"모래놀이\"}]}],[\"$\",\"li\",\"6\",{\"children\":[\"$\",\"a\",null,{\"href\":\"/np/categories/332724\",\"data-el\":\"hobby\",\"children\":\"자전거/승용완구\"}]}],[\"$\",\"li\",\"7\",{\"children\":[\"$\",\"a\",null,{\"href\":\"/np/categories/332765\",\"data-el\":\"hobby\",\"children\":\"트램펄린\"}]}],[\"$\",\"li\",\"8\",{\"children\":[\"$\",\"a\",null,{\"href\":\"/np/categories/332766\",\"data-el\":\"hobby\",\"children\":\"훌라후프/줄넘기\"}]}],[\"$\",\"li\",\"9\",{\"children\":[\"$\",\"a\",null,{\"href\":\"/np/categories/332769\",\"data-el\":\"hobby\",\"children\":\"펀치백\"}]}],[\"$\",\"li\",\"10\",{\"children\":[\"$\",\"a\",null,{\"href\":\"/np/categories/332770\",\"data-el\":\"hobby\",\"children\":\"점핑볼\"}]}],[\"$\",\"li\",\"11\",{\"children\":[\"$\",\"a\",null,{\"href\":\"/np/categories/332771\",\"data-el\":\"hobby\",\"children\":\"캐치볼/원반던지기\"}]}],[\"$\",\"li\",\"12\",{\"children\":[\"$\",\"a\",null,{\"href\":\"/np/categories/332775\",\"data-el\":\"hobby\",\"children\":\"요요/액세서리\"}]}],[\"$\",\"li\",\"13\",{\"className\":\"mc\",\"children\":[\"$\",\"a\",null,{\"href\":\"/np/categories/332784\",\"children\":\"더보기\"}]}]]}]]}],[\"$\",\"li\",\"9\",{\"children\":[[\"$\",\"a\",null,{\"href\":\"/np/categories/331793\",\"data-el\":\"hobby\",\"children\":[\"신생아/영아완구\",[\"$\",\"i\",null,{\"className\":\"si\"}]]}],[\"$\",\"ul\",null,{\"className\":\"tdl\",\"children\":[[\"$\",\"li\",\"0\",{\"children\":[\"$\",\"a\",null,{\"href\":\"/np/categories/331794\",\"data-el\":\"hobby\",\"children\":\"모빌\"}]}],[\"$\",\"li\",\"1\",{\"children\":[\"$\",\"a\",null,{\"href\":\"/np/categories/331795\",\"data-el\":\"hobby\",\"children\":\"초점책/헝겊책\"}]}],[\"$\",\"li\",\"2\",{\"children\":[\"$\",\"a\",null,{\"href\":\"/np/categories/331796\",\"data-el\":\"hobby\",\"children\":\"딸랑이\"}]}],[\"$\",\"li\",\"3\",{\"children\":[\"$\",\"a\",null,{\"href\":\"/np/categories/331797\",\"data-el\":\"hobby\",\"children\":\"치발기/케이스\"}]}],[\"$\",\"li\",\"4\",{\"children\":[\"$\",\"a\",null,{\"href\":\"/np/categories/331801\",\"data-el\":\"hobby\",\"children\":\"오뚝이\"}]}],[\"$\",\"li\",\"5\",{\"children\":[\"$\",\"a\",null,{\"href\":\"/np/categories/331802\",\"data-el\":\"hobby\",\"children\":\"멜로디/러닝완구\"}]}],[\"$\",\"li\",\"6\",{\"children\":[\"$\",\"a\",null,{\"href\":\"/np/categories/331808\",\"data-el\":\"hobby\",\"children\":\"목욕놀이완구\"}]}],[\"$\",\"li\",\"7\",{\"children\":[\"$\",\"a\",null,{\"href\":\"/np/categories/331809\",\"data-el\":\"hobby\",\"children\":\"애착/수면인형\"}]}],[\"$\",\"li\",\"8\",{\"children\":[\"$\",\"a\",null,{\"href\":\"/np/categories/331810\",\"data-el\":\"hobby\",\"children\":\"아기공\"}]}],[\"$\",\"li\",\"9\",{\"children\":[\"$\",\"a\",null,{\"href\":\"/np/categories/331811\",\"data-el\":\"hobby\",\"children\":\"아기체육관/러닝홈\"}]}],[\"$\",\"li\",\"10\",{\"children\":[\"$\",\"a\",null,{\"href\":\"/np/categories/331812\",\"data-el\":\"hobby\",\"children\":\"바운서\"}]}],[\"$\",\"li\",\"11\",{\"children\":[\"$\",\"a\",null,{\"href\":\"/np/categories/331813\",\"data-el\":\"hobby\",\"children\":\"쏘서/점퍼루/보행기\"}]}],[\"$\",\"li\",\"12\",{\"children\":[\"$\",\"a\",null,{\"href\":\"/np/categories/331817\",\"data-el\":\"hobby\",\"children\":\"걸음마보조기\"}]}],[\"$\",\"li\",\"13\",{\"className\":\"mc\",\"children\":[\"$\",\"a\",null,{\"href\":\"/np/categories/331818\",\"children\":\"더보기\"}]}]]}]]}],[\"$\",\"li\",\"10\",{\"children\":[[\"$\",\"a\",null,{\"href\":\"/np/categories/332230\",\"data-el\":\"hobby\",\"children\":[\"보드게임\",[\"$\",\"i\",null,{\"className\":\"si\"}]]}],[\"$\",\"ul\",null,{\"className\":\"tdl\",\"children\":[[\"$\",\"li\",\"0\",{\"children\":[\"$\",\"a\",null,{\"href\":\"/np/categories/332237\",\"data-el\":\"hobby\",\"children\":\"멘사추천/학습게임\"}]}],[\"$\",\"li\",\"1\",{\"children\":[\"$\",\"a\",null,{\"href\":\"/np/categories/332245\",\"data-el\":\"hobby\",\"children\":\"두뇌게임\"}]}],[\"$\",\"li\",\"2\",{\"children\":[\"$\",\"a\",null,{\"href\":\"/np/categories/332251\",\"data-el\":\"hobby\",\"children\":\"균형/순발력게임\"}]}],[\"$\",\"li\",\"3\",{\"children\":[\"$\",\"a\",null,{\"href\":\"/np/categories/332255\",\"data-el\":\"hobby\",\"children\":\"추리/전략게임\"}]}],[\"$\",\"li\",\"4\",{\"children\":[\"$\",\"a\",null,{\"href\":\"/np/categories/332258\",\"data-el\":\"hobby\",\"children\":\"복불복/룰렛게임\"}]}],[\"$\",\"li\",\"5\",{\"children\":[\"$\",\"a\",null,{\"href\":\"/np/categories/332267\",\"data-el\":\"hobby\",\"children\":\"캐릭터/마술/타로카드\"}]}],[\"$\",\"li\",\"6\",{\"children\":[\"$\",\"a\",null,{\"href\":\"/np/categories/332272\",\"data-el\":\"hobby\",\"children\":\"스포츠/액션게임\"}]}],[\"$\",\"li\",\"7\",{\"children\":[\"$\",\"a\",null,{\"href\":\"/np/categories/332291\",\"data-el\":\"hobby\",\"children\":\"바둑/체스/윷놀이\"}]}],[\"$\",\"li\",\"8\",{\"children\":[\"$\",\"a\",null,{\"href\":\"/np/categories/332306\",\"data-el\":\"hobby\",\"children\":\"화투/트럼프/마작\"}]}],[\"$\",\"li\",\"9\",{\"children\":[\"$\",\"a\",null,{\"href\":\"/np/categories/332323\",\"data-el\":\"hobby\",\"children\":\"기타보드게임\"}]}],[\"$\",\"li\",\"10\",{\"children\":[\"$\",\"a\",null,{\"href\":\"/np/categories/502705\",\"data-el\":\"hobby\",\"children\":\"보드게임액세서리\"}]}]]}]]}],[\"$\",\"li\",\"11\",{\"children\":[[\"$\",\"a\",null,{\"href\":\"/np/categories/332324\",\"data-el\":\"hobby\",\"children\":[\"퍼즐/큐브/피젯토이\",[\"$\",\"i\",null,{\"className\":\"si\"}]]}],[\"$\",\"ul\",null,{\"className\":\"tdl\",\"children\":[[\"$\",\"li\",\"0\",{\"children\":[\"$\",\"a\",null,{\"href\":\"/np/categories/332325\",\"data-el\":\"hobby\",\"children\":\"직소퍼즐\"}]}],[\"$\",\"li\",\"1\",{\"children\":[\"$\",\"a\",null,{\"href\":\"/np/categories/332326\",\"data-el\":\"hobby\",\"children\":\"구슬퍼즐\"}]}],[\"$\",\"li\",\"2\",{\"children\":[\"$\",\"a\",null,{\"href\":\"/np/categories/332327\",\"data-el\":\"hobby\",\"children\":\"입체퍼즐\"}]}],[\"$\",\"li\",\"3\",{\"children\":[\"$\",\"a\",null,{\"href\":\"/np/categories/332328\",\"data-el\":\"hobby\",\"children\":\"유아동퍼즐\"}]}],[\"$\",\"li\",\"4\",{\"children\":[\"$\",\"a\",null,{\"href\":\"/np/categories/332352\",\"data-el\":\"hobby\",\"children\":\"캐스트/유레카퍼즐\"}]}],[\"$\",\"li\",\"5\",{\"children\":[\"$\",\"a\",null,{\"href\":\"/np/categories/332356\",\"data-el\":\"hobby\",\"children\":\"IQ퍼즐/스도쿠\"}]}],[\"$\",\"li\",\"6\",{\"children\":[\"$\",\"a\",null,{\"href\":\"/np/categories/332357\",\"data-el\":\"hobby\",\"children\":\"퍼즐액세서리\"}]}],[\"$\",\"li\",\"7\",{\"children\":[\"$\",\"a\",null,{\"href\":\"/np/categories/332363\",\"data-el\":\"hobby\",\"children\":\"큐브\"}]}],[\"$\",\"li\",\"8\",{\"children\":[\"$\",\"a\",null,{\"href\":\"/np/categories/332373\",\"data-el\":\"hobby\",\"children\":\"피젯토이\"}]}]]}]]}],[\"$\",\"li\",\"12\",{\"children\":[[\"$\",\"a\",null,{\"href\":\"/np/categories/332380\",\"data-el\":\"hobby\",\"children\":[\"RC완구/부품\",[\"$\",\"i\",null,{\"className\":\"si\"}]]}],[\"$\",\"ul\",null,{\"className\":\"tdl\",\"children\":[[\"$\",\"li\",\"0\",{\"children\":[\"$\",\"a\",null,{\"href\":\"/np/categories/332388\",\"data-el\":\"hobby\",\"children\":\"RC드론/쿼드콥터\"}]}],[\"$\",\"li\",\"1\",{\"children\":[\"$\",\"a\",null,{\"href\":\"/np/categories/382668\",\"data-el\":\"hobby\",\"children\":\"RC카\"}]}],[\"$\",\"li\",\"2\",{\"children\":[\"$\",\"a\",null,{\"href\":\"/np/categories/332391\",\"data-el\":\"hobby\",\"children\":\"RC헬기/비행기\"}]}],[\"$\",\"li\",\"3\",{\"children\":[\"$\",\"a\",null,{\"href\":\"/np/categories/332392\",\"data-el\":\"hobby\",\"children\":\"RC보트/잠수함\"}]}],[\"$\",\"li\",\"4\",{\"children\":[\"$\",\"a\",null,{\"href\":\"/np/categories/332393\",\"data-el\":\"hobby\",\"children\":\"RC탱크\"}]}],[\"$\",\"li\",\"5\",{\"children\":[\"$\",\"a\",null,{\"href\":\"/np/categories/332394\",\"data-el\":\"hobby\",\"children\":\"RC바이크/오토바이\"}]}],[\"$\",\"li\",\"6\",{\"children\":[\"$\",\"a\",null,{\"href\":\"/np/categories/332395\",\"data-el\":\"hobby\",\"children\":\"RC로봇\"}]}],[\"$\",\"li\",\"7\",{\"children\":[\"$\",\"a\",null,{\"href\":\"/np/categories/332396\",\"data-el\":\"hobby\",\"children\":\"RC부품/액세서리\"}]}],[\"$\",\"li\",\"8\",{\"children\":[\"$\",\"a\",null,{\"href\":\"/np/categories/332480\",\"data-el\":\"hobby\",\"children\":\"어린이RC완구\"}]}]]}]]}],[\"$\",\"li\",\"13\",{\"children\":[[\"$\",\"a\",null,{\"href\":\"/np/categories/332576\",\"data-el\":\"hobby\",\"children\":[\"피규어/다이캐스트\",[\"$\",\"i\",null,{\"className\":\"si\"}]]}],[\"$\",\"ul\",null,{\"className\":\"tdl\",\"children\":[[\"$\",\"li\",\"0\",{\"children\":[\"$\",\"a\",null,{\"href\":\"/np/categories/332577\",\"data-el\":\"hobby\",\"children\":\"원피스피규어\"}]}],[\"$\",\"li\",\"1\",{\"children\":[\"$\",\"a\",null,{\"href\":\"/np/categories/332592\",\"data-el\":\"hobby\",\"children\":\"인물피규어\"}]}],[\"$\",\"li\",\"2\",{\"children\":[\"$\",\"a\",null,{\"href\":\"/np/categories/497980\",\"data-el\":\"hobby\",\"children\":\"동물/공룡피규어\"}]}],[\"$\",\"li\",\"3\",{\"children\":[\"$\",\"a\",null,{\"href\":\"/np/categories/332584\",\"data-el\":\"hobby\",\"children\":\"실바니안피규어\"}]}],[\"$\",\"li\",\"4\",{\"children\":[\"$\",\"a\",null,{\"href\":\"/np/categories/332588\",\"data-el\":\"hobby\",\"children\":\"게임/영화피규어\"}]}],[\"$\",\"li\",\"5\",{\"children\":[\"$\",\"a\",null,{\"href\":\"/np/categories/462201\",\"data-el\":\"hobby\",\"children\":\"애니메이션피규어\"}]}],[\"$\",\"li\",\"6\",{\"children\":[\"$\",\"a\",null,{\"href\":\"/np/categories/462202\",\"data-el\":\"hobby\",\"children\":\"성인캐릭터피규어\"}]}],[\"$\",\"li\",\"7\",{\"children\":[\"$\",\"a\",null,{\"href\":\"/np/categories/462203\",\"data-el\":\"hobby\",\"children\":\"성인용(19)피규어\"}]}],[\"$\",\"li\",\"8\",{\"children\":[\"$\",\"a\",null,{\"href\":\"/np/categories/332595\",\"data-el\":\"hobby\",\"children\":\"건물피규어\"}]}],[\"$\",\"li\",\"9\",{\"children\":[\"$\",\"a\",null,{\"href\":\"/np/categories/332590\",\"data-el\":\"hobby\",\"children\":\"로봇피규어\"}]}],[\"$\",\"li\",\"10\",{\"children\":[\"$\",\"a\",null,{\"href\":\"/np/categories/332594\",\"data-el\":\"hobby\",\"children\":\"교통수단피규어\"}]}],[\"$\",\"li\",\"11\",{\"children\":[\"$\",\"a\",null,{\"href\":\"/np/categories/332589\",\"data-el\":\"hobby\",\"children\":\"밀리터리피규어\"}]}],[\"$\",\"li\",\"12\",{\"children\":[\"$\",\"a\",null,{\"href\":\"/np/categories/332591\",\"data-el\":\"hobby\",\"children\":\"스포츠피규어\"}]}],[\"$\",\"li\",\"13\",{\"className\":\"mc\",\"children\":[\"$\",\"a\",null,{\"href\":\"/np/categories/332596\",\"children\":\"더보기\"}]}]]}]]}],[\"$\",\"li\",\"14\",{\"children\":[[\"$\",\"a\",null,{\"href\":\"/np/campaigns/4659\",\"data-el\":\"hobby\",\"children\":[\"키덜트샵\",null]}],false]}],[\"$\",\"li\",\"15\",{\"children\":[[\"$\",\"a\",null,{\"href\":\"/np/categories/332492\",\"data-el\":\"hobby\",\"children\":[\"프라모델\",[\"$\",\"i\",null,{\"className\":\"si\"}]]}],[\"$\",\"ul\",null,{\"className\":\"tdl\",\"children\":[[\"$\",\"li\",\"0\",{\"children\":[\"$\",\"a\",null,{\"href\":\"/np/categories/332493\",\"data-el\":\"hobby\",\"children\":\"건담\"}]}],[\"$\",\"li\",\"1\",{\"children\":[\"$\",\"a\",null,{\"href\":\"/np/categories/332494\",\"data-el\":\"hobby\",\"children\":\"탱크/지프/밀리터리\"}]}],[\"$\",\"li\",\"2\",{\"children\":[\"$\",\"a\",null,{\"href\":\"/np/categories/332501\",\"data-el\":\"hobby\",\"children\":\"자동차/트럭/기차\"}]}],[\"$\",\"li\",\"3\",{\"children\":[\"$\",\"a\",null,{\"href\":\"/np/categories/332510\",\"data-el\":\"hobby\",\"children\":\"비행기/전투기/헬기\"}]}],[\"$\",\"li\",\"4\",{\"children\":[\"$\",\"a\",null,{\"href\":\"/np/categories/332515\",\"data-el\":\"hobby\",\"children\":\"배/전함/잠수함\"}]}],[\"$\",\"li\",\"5\",{\"children\":[\"$\",\"a\",null,{\"href\":\"/np/categories/332522\",\"data-el\":\"hobby\",\"children\":\"건물/빌딩/성\"}]}],[\"$\",\"li\",\"6\",{\"children\":[\"$\",\"a\",null,{\"href\":\"/np/categories/332523\",\"data-el\":\"hobby\",\"children\":\"로봇/우주선\"}]}],[\"$\",\"li\",\"7\",{\"children\":[\"$\",\"a\",null,{\"href\":\"/np/categories/332524\",\"data-el\":\"hobby\",\"children\":\"캐릭터/애니메이션\"}]}],[\"$\",\"li\",\"8\",{\"children\":[\"$\",\"a\",null,{\"href\":\"/np/categories/332525\",\"data-el\":\"hobby\",\"children\":\"공룡/동물\"}]}],[\"$\",\"li\",\"9\",{\"children\":[\"$\",\"a\",null,{\"href\":\"/np/categories/332526\",\"data-el\":\"hobby\",\"children\":\"4WD미니카\"}]}],[\"$\",\"li\",\"10\",{\"children\":[\"$\",\"a\",null,{\"href\":\"/np/categories/332533\",\"data-el\":\"hobby\",\"children\":\"디오라마재료\"}]}],[\"$\",\"li\",\"11\",{\"children\":[\"$\",\"a\",null,{\"href\":\"/np/categories/402318\",\"data-el\":\"hobby\",\"children\":\"도료/공구/기타\"}]}],[\"$\",\"li\",\"12\",{\"children\":[\"$\",\"a\",null,{\"href\":\"/np/categories/332571\",\"data-el\":\"hobby\",\"children\":\"서바이벌건/BB탄총\"}]}],[\"$\",\"li\",\"13\",{\"className\":\"mc\",\"children\":[\"$\",\"a\",null,{\"href\":\"/np/categories/332575\",\"children\":\"더보기\"}]}]]}]]}],[\"$\",\"li\",\"16\",{\"className\":\"mc\",\"children\":[\"$\",\"a\",null,{\"href\":\"/np/categories/332642\",\"children\":\"더보기\"}]}]]}],[\"$\",\"span\",null,{\"className\":\"gnb-banner\",\"style\":{\"background\":\"#FFF\"},\"data-sentry-component\":\"Banner\",\"data-sentry-source-file\":\"Banner.tsx\",\"children\":[[\"$\",\"a\",null,{\"href\":\"https://pages.coupang.com/p/146374\",\"title\":\"완구/취미\",\"data-el\":\"hobby\",\"children\":\"완구/취미\"}],[\"$\",\"img\",null,{\"loading\":\"lazy\",\"alt\":\"완구/취미\",\"src\":\"https://image6.coupangcdn.com/image/displayitem/displayitem_a5073f0a-2e5e-4981-a90a-ddb6bed0d6a5.jpg\"}]]}]]}]]}],[\"$\",\"li\",\"12\",{\"className\":\"office wa-category-icon\",\"data-sentry-component\":\"ThirdDepthGnb\",\"data-sentry-source-file\":\"ThirdDepthGnb.tsx\",\"children\":[[\"$\",\"a\",null,{\"href\":\"/np/categories/177295\",\"data-el\":\"office\",\"children\":[\"문구/오피스\",[\"$\",\"i\",null,{\"className\":\"si\"}]]}],[\"$\",\"div\",null,{\"className\":\"depth\",\"children\":[[\"$\",\"ul\",null,{\"className\":\"sdl\",\"children\":[[\"$\",\"li\",\"0\",{\"children\":[[\"$\",\"a\",null,{\"href\":\"/np/categories/408063\",\"data-el\":\"office\",\"children\":[\"사무용품 전문관\",[\"$\",\"i\",null,{\"className\":\"si\"}]]}],[\"$\",\"ul\",null,{\"className\":\"tdl\",\"children\":[[\"$\",\"li\",\"0\",{\"children\":[\"$\",\"a\",null,{\"href\":\"/np/categories/408064\",\"data-el\":\"office\",\"children\":\"사무용문구\"}]}],[\"$\",\"li\",\"1\",{\"children\":[\"$\",\"a\",null,{\"href\":\"/np/categories/408126\",\"data-el\":\"office\",\"children\":\"파일/바인더\"}]}],[\"$\",\"li\",\"2\",{\"children\":[\"$\",\"a\",null,{\"href\":\"/np/categories/408145\",\"data-el\":\"office\",\"children\":\"사무용지/복사지\"}]}],[\"$\",\"li\",\"3\",{\"children\":[\"$\",\"a\",null,{\"href\":\"/np/categories/408179\",\"data-el\":\"office\",\"children\":\"데스크정리소품\"}]}],[\"$\",\"li\",\"4\",{\"children\":[\"$\",\"a\",null,{\"href\":\"/np/categories/408193\",\"data-el\":\"office\",\"children\":\"보드/칠판/광고\"}]}],[\"$\",\"li\",\"5\",{\"children\":[\"$\",\"a\",null,{\"href\":\"/np/categories/408209\",\"data-el\":\"office\",\"children\":\"봉투/포장용품\"}]}],[\"$\",\"li\",\"6\",{\"children\":[\"$\",\"a\",null,{\"href\":\"/np/categories/408225\",\"data-el\":\"office\",\"children\":\"디지털/사무기기\"}]}],[\"$\",\"li\",\"7\",{\"children\":[\"$\",\"a\",null,{\"href\":\"/np/categories/408275\",\"data-el\":\"office\",\"children\":\"사무용가구/수납\"}]}]]}]]}],[\"$\",\"li\",\"1\",{\"children\":[[\"$\",\"a\",null,{\"href\":\"/np/categories/401900\",\"data-el\":\"office\",\"children\":[\"미술/화방용품\",[\"$\",\"i\",null,{\"className\":\"si\"}]]}],[\"$\",\"ul\",null,{\"className\":\"tdl\",\"children\":[[\"$\",\"li\",\"0\",{\"children\":[\"$\",\"a\",null,{\"href\":\"/np/categories/401901\",\"data-el\":\"office\",\"children\":\"수채화\"}]}],[\"$\",\"li\",\"1\",{\"children\":[\"$\",\"a\",null,{\"href\":\"/np/categories/401909\",\"data-el\":\"office\",\"children\":\"유화\"}]}],[\"$\",\"li\",\"2\",{\"children\":[\"$\",\"a\",null,{\"href\":\"/np/categories/401926\",\"data-el\":\"office\",\"children\":\"아크릴화\"}]}],[\"$\",\"li\",\"3\",{\"children\":[\"$\",\"a\",null,{\"href\":\"/np/categories/401939\",\"data-el\":\"office\",\"children\":\"디자인/구성\"}]}],[\"$\",\"li\",\"4\",{\"children\":[\"$\",\"a\",null,{\"href\":\"/np/categories/401947\",\"data-el\":\"office\",\"children\":\"동양화/서예\"}]}],[\"$\",\"li\",\"5\",{\"children\":[\"$\",\"a\",null,{\"href\":\"/np/categories/401964\",\"data-el\":\"office\",\"children\":\"조소/도예/판화\"}]}],[\"$\",\"li\",\"6\",{\"children\":[\"$\",\"a\",null,{\"href\":\"/np/categories/401991\",\"data-el\":\"office\",\"children\":\"지류/스케치북\"}]}],[\"$\",\"li\",\"7\",{\"children\":[\"$\",\"a\",null,{\"href\":\"/np/categories/402011\",\"data-el\":\"office\",\"children\":\"캔버스/판넬\"}]}],[\"$\",\"li\",\"8\",{\"children\":[\"$\",\"a\",null,{\"href\":\"/np/categories/402016\",\"data-el\":\"office\",\"children\":\"드로잉/채색도구\"}]}],[\"$\",\"li\",\"9\",{\"children\":[\"$\",\"a\",null,{\"href\":\"/np/categories/402059\",\"data-el\":\"office\",\"children\":\"붓\"}]}],[\"$\",\"li\",\"10\",{\"children\":[\"$\",\"a\",null,{\"href\":\"/np/categories/402074\",\"data-el\":\"office\",\"children\":\"파스텔/콩테/목탄\"}]}],[\"$\",\"li\",\"11\",{\"children\":[\"$\",\"a\",null,{\"href\":\"/np/categories/402081\",\"data-el\":\"office\",\"children\":\"캘리그라피\"}]}],[\"$\",\"li\",\"12\",{\"children\":[\"$\",\"a\",null,{\"href\":\"/np/categories/402092\",\"data-el\":\"office\",\"children\":\"애니메이션/만화\"}]}],[\"$\",\"li\",\"13\",{\"className\":\"mc\",\"children\":[\"$\",\"a\",null,{\"href\":\"/np/categories/402099\",\"children\":\"더보기\"}]}]]}]]}],[\"$\",\"li\",\"2\",{\"children\":[[\"$\",\"a\",null,{\"href\":\"/np/categories/359731\",\"data-el\":\"office\",\"children\":[\"캐릭터 문구\",[\"$\",\"i\",null,{\"className\":\"si\"}]]}],[\"$\",\"ul\",null,{\"className\":\"tdl\",\"children\":[[\"$\",\"li\",\"0\",{\"children\":[\"$\",\"a\",null,{\"href\":\"/np/categories/359732\",\"data-el\":\"office\",\"children\":\"카카오프렌즈\"}]}],[\"$\",\"li\",\"1\",{\"children\":[\"$\",\"a\",null,{\"href\":\"/np/categories/379723\",\"data-el\":\"office\",\"children\":\"핑크퐁\"}]}],[\"$\",\"li\",\"2\",{\"children\":[\"$\",\"a\",null,{\"href\":\"/np/categories/359733\",\"data-el\":\"office\",\"children\":\"뽀로로\"}]}],[\"$\",\"li\",\"3\",{\"children\":[\"$\",\"a\",null,{\"href\":\"/np/categories/359736\",\"data-el\":\"office\",\"children\":\"리락쿠마\"}]}],[\"$\",\"li\",\"4\",{\"children\":[\"$\",\"a\",null,{\"href\":\"/np/categories/443129\",\"data-el\":\"office\",\"children\":\"엉덩이탐정\"}]}],[\"$\",\"li\",\"5\",{\"children\":[\"$\",\"a\",null,{\"href\":\"/np/categories/359735\",\"data-el\":\"office\",\"children\":\"디즈니\"}]}],[\"$\",\"li\",\"6\",{\"children\":[\"$\",\"a\",null,{\"href\":\"/np/categories/359745\",\"data-el\":\"office\",\"children\":\"포켓몬스터\"}]}],[\"$\",\"li\",\"7\",{\"children\":[\"$\",\"a\",null,{\"href\":\"/np/categories/443130\",\"data-el\":\"office\",\"children\":\"짱구는 못말려\"}]}],[\"$\",\"li\",\"8\",{\"children\":[\"$\",\"a\",null,{\"href\":\"/np/categories/359734\",\"data-el\":\"office\",\"children\":\"헬로키티\"}]}],[\"$\",\"li\",\"9\",{\"children\":[\"$\",\"a\",null,{\"href\":\"/np/categories/443131\",\"data-el\":\"office\",\"children\":\"BT21\"}]}],[\"$\",\"li\",\"10\",{\"children\":[\"$\",\"a\",null,{\"href\":\"/np/categories/366893\",\"data-el\":\"office\",\"children\":\"마블/DC\"}]}],[\"$\",\"li\",\"11\",{\"children\":[\"$\",\"a\",null,{\"href\":\"/np/categories/359750\",\"data-el\":\"office\",\"children\":\"에비츄\"}]}],[\"$\",\"li\",\"12\",{\"children\":[\"$\",\"a\",null,{\"href\":\"/np/categories/359740\",\"data-el\":\"office\",\"children\":\"빨강머리 앤\"}]}],[\"$\",\"li\",\"13\",{\"className\":\"mc\",\"children\":[\"$\",\"a\",null,{\"href\":\"/np/categories/359738\",\"children\":\"더보기\"}]}]]}]]}],[\"$\",\"li\",\"3\",{\"children\":[[\"$\",\"a\",null,{\"href\":\"/np/categories/178098\",\"data-el\":\"office\",\"children\":[\"학용품/수업준비\",[\"$\",\"i\",null,{\"className\":\"si\"}]]}],[\"$\",\"ul\",null,{\"className\":\"tdl\",\"children\":[[\"$\",\"li\",\"0\",{\"children\":[\"$\",\"a\",null,{\"href\":\"/np/categories/373322\",\"data-el\":\"office\",\"children\":\"필기용품\"}]}],[\"$\",\"li\",\"1\",{\"children\":[\"$\",\"a\",null,{\"href\":\"/np/categories/178100\",\"data-el\":\"office\",\"children\":\"노트\"}]}],[\"$\",\"li\",\"2\",{\"children\":[\"$\",\"a\",null,{\"href\":\"/np/categories/373365\",\"data-el\":\"office\",\"children\":\"메모지/수첩\"}]}],[\"$\",\"li\",\"3\",{\"children\":[\"$\",\"a\",null,{\"href\":\"/np/categories/178113\",\"data-el\":\"office\",\"children\":\"학용품세트\"}]}],[\"$\",\"li\",\"4\",{\"children\":[\"$\",\"a\",null,{\"href\":\"/np/categories/373372\",\"data-el\":\"office\",\"children\":\"파일\"}]}],[\"$\",\"li\",\"5\",{\"children\":[\"$\",\"a\",null,{\"href\":\"/np/categories/178114\",\"data-el\":\"office\",\"children\":\"네임스티커/명찰\"}]}],[\"$\",\"li\",\"6\",{\"children\":[\"$\",\"a\",null,{\"href\":\"/np/categories/178123\",\"data-el\":\"office\",\"children\":\"지구본/지도\"}]}],[\"$\",\"li\",\"7\",{\"children\":[\"$\",\"a\",null,{\"href\":\"/np/categories/382074\",\"data-el\":\"office\",\"children\":\"과학시간\"}]}],[\"$\",\"li\",\"8\",{\"children\":[\"$\",\"a\",null,{\"href\":\"/np/categories/178151\",\"data-el\":\"office\",\"children\":\"수학시간\"}]}],[\"$\",\"li\",\"9\",{\"children\":[\"$\",\"a\",null,{\"href\":\"/np/categories/178167\",\"data-el\":\"office\",\"children\":\"미술시간\"}]}],[\"$\",\"li\",\"10\",{\"children\":[\"$\",\"a\",null,{\"href\":\"/np/categories/178226\",\"data-el\":\"office\",\"children\":\"음악시간\"}]}],[\"$\",\"li\",\"11\",{\"children\":[\"$\",\"a\",null,{\"href\":\"/np/categories/178242\",\"data-el\":\"office\",\"children\":\"체육시간\"}]}],[\"$\",\"li\",\"12\",{\"children\":[\"$\",\"a\",null,{\"href\":\"/np/categories/373384\",\"data-el\":\"office\",\"children\":\"학년별 준비물\"}]}],[\"$\",\"li\",\"13\",{\"className\":\"mc\",\"children\":[\"$\",\"a\",null,{\"href\":\"/np/categories/373433\",\"children\":\"더보기\"}]}]]}]]}],[\"$\",\"li\",\"4\",{\"children\":[[\"$\",\"a\",null,{\"href\":\"/np/categories/177297\",\"data-el\":\"office\",\"children\":[\"필기류\",[\"$\",\"i\",null,{\"className\":\"si\"}]]}],[\"$\",\"ul\",null,{\"className\":\"tdl\",\"children\":[[\"$\",\"li\",\"0\",{\"children\":[\"$\",\"a\",null,{\"href\":\"/np/categories/177299\",\"data-el\":\"office\",\"children\":\"펜/리필심\"}]}],[\"$\",\"li\",\"1\",{\"children\":[\"$\",\"a\",null,{\"href\":\"/np/categories/177306\",\"data-el\":\"office\",\"children\":\"연필\"}]}],[\"$\",\"li\",\"2\",{\"children\":[\"$\",\"a\",null,{\"href\":\"/np/categories/177315\",\"data-el\":\"office\",\"children\":\"샤프\"}]}],[\"$\",\"li\",\"3\",{\"children\":[\"$\",\"a\",null,{\"href\":\"/np/categories/177319\",\"data-el\":\"office\",\"children\":\"만년필\"}]}],[\"$\",\"li\",\"4\",{\"children\":[\"$\",\"a\",null,{\"href\":\"/np/categories/177328\",\"data-el\":\"office\",\"children\":\"형광펜\"}]}],[\"$\",\"li\",\"5\",{\"children\":[\"$\",\"a\",null,{\"href\":\"/np/categories/177329\",\"data-el\":\"office\",\"children\":\"사인펜/매직\"}]}],[\"$\",\"li\",\"6\",{\"children\":[\"$\",\"a\",null,{\"href\":\"/np/categories/177334\",\"data-el\":\"office\",\"children\":\"색연필\"}]}],[\"$\",\"li\",\"7\",{\"children\":[\"$\",\"a\",null,{\"href\":\"/np/categories/177335\",\"data-el\":\"office\",\"children\":\"붓펜/캘리그라피펜\"}]}],[\"$\",\"li\",\"8\",{\"children\":[\"$\",\"a\",null,{\"href\":\"/np/categories/177340\",\"data-el\":\"office\",\"children\":\"분필/보드마카\"}]}],[\"$\",\"li\",\"9\",{\"children\":[\"$\",\"a\",null,{\"href\":\"/np/categories/177346\",\"data-el\":\"office\",\"children\":\"지우개/수정액\"}]}],[\"$\",\"li\",\"10\",{\"children\":[\"$\",\"a\",null,{\"href\":\"/np/categories/177356\",\"data-el\":\"office\",\"children\":\"필통/파우치\"}]}]]}]]}],[\"$\",\"li\",\"5\",{\"children\":[[\"$\",\"a\",null,{\"href\":\"/np/categories/401541\",\"data-el\":\"office\",\"children\":[\"노트/메모지\",[\"$\",\"i\",null,{\"className\":\"si\"}]]}],[\"$\",\"ul\",null,{\"className\":\"tdl\",\"children\":[[\"$\",\"li\",\"0\",{\"children\":[\"$\",\"a\",null,{\"href\":\"/np/categories/435837\",\"data-el\":\"office\",\"children\":\"유선/무선노트\"}]}],[\"$\",\"li\",\"1\",{\"children\":[\"$\",\"a\",null,{\"href\":\"/np/categories/435838\",\"data-el\":\"office\",\"children\":\"학습/과목노트\"}]}],[\"$\",\"li\",\"2\",{\"children\":[\"$\",\"a\",null,{\"href\":\"/np/categories/435839\",\"data-el\":\"office\",\"children\":\"초등학생노트\"}]}],[\"$\",\"li\",\"3\",{\"children\":[\"$\",\"a\",null,{\"href\":\"/np/categories/435840\",\"data-el\":\"office\",\"children\":\"노트커버/패드\"}]}],[\"$\",\"li\",\"4\",{\"children\":[\"$\",\"a\",null,{\"href\":\"/np/categories/435841\",\"data-el\":\"office\",\"children\":\"수첩\"}]}],[\"$\",\"li\",\"5\",{\"children\":[\"$\",\"a\",null,{\"href\":\"/np/categories/435842\",\"data-el\":\"office\",\"children\":\"가계부/캐쉬북\"}]}],[\"$\",\"li\",\"6\",{\"children\":[\"$\",\"a\",null,{\"href\":\"/np/categories/435843\",\"data-el\":\"office\",\"children\":\"일기장\"}]}],[\"$\",\"li\",\"7\",{\"children\":[\"$\",\"a\",null,{\"href\":\"/np/categories/435844\",\"data-el\":\"office\",\"children\":\"기록노트\"}]}],[\"$\",\"li\",\"8\",{\"children\":[\"$\",\"a\",null,{\"href\":\"/np/categories/435845\",\"data-el\":\"office\",\"children\":\"메모패드/리갈패드\"}]}],[\"$\",\"li\",\"9\",{\"children\":[\"$\",\"a\",null,{\"href\":\"/np/categories/435846\",\"data-el\":\"office\",\"children\":\"메모지/체크리스트\"}]}],[\"$\",\"li\",\"10\",{\"children\":[\"$\",\"a\",null,{\"href\":\"/np/categories/435847\",\"data-el\":\"office\",\"children\":\"점착메모지/포스트잇\"}]}],[\"$\",\"li\",\"11\",{\"children\":[\"$\",\"a\",null,{\"href\":\"/np/categories/401571\",\"data-el\":\"office\",\"children\":\"인덱스/플래그\"}]}]]}]]}],[\"$\",\"li\",\"6\",{\"children\":[[\"$\",\"a\",null,{\"href\":\"/np/categories/401572\",\"data-el\":\"office\",\"children\":[\"다이어리/플래너\",[\"$\",\"i\",null,{\"className\":\"si\"}]]}],[\"$\",\"ul\",null,{\"className\":\"tdl\",\"children\":[[\"$\",\"li\",\"0\",{\"children\":[\"$\",\"a\",null,{\"href\":\"/np/categories/401573\",\"data-el\":\"office\",\"children\":\"다이어리\"}]}],[\"$\",\"li\",\"1\",{\"children\":[\"$\",\"a\",null,{\"href\":\"/np/categories/401577\",\"data-el\":\"office\",\"children\":\"다이어리소품\"}]}],[\"$\",\"li\",\"2\",{\"children\":[\"$\",\"a\",null,{\"href\":\"/np/categories/401581\",\"data-el\":\"office\",\"children\":\"스케쥴러\"}]}],[\"$\",\"li\",\"3\",{\"children\":[\"$\",\"a\",null,{\"href\":\"/np/categories/401582\",\"data-el\":\"office\",\"children\":\"캘린더\"}]}],[\"$\",\"li\",\"4\",{\"children\":[\"$\",\"a\",null,{\"href\":\"/np/categories/401588\",\"data-el\":\"office\",\"children\":\"프로젝트플래너\"}]}]]}]]}],[\"$\",\"li\",\"7\",{\"children\":[[\"$\",\"a\",null,{\"href\":\"/np/categories/177419\",\"data-el\":\"office\",\"children\":[\"바인더/파일\",[\"$\",\"i\",null,{\"className\":\"si\"}]]}],[\"$\",\"ul\",null,{\"className\":\"tdl\",\"children\":[[\"$\",\"li\",\"0\",{\"children\":[\"$\",\"a\",null,{\"href\":\"/np/categories/177421\",\"data-el\":\"office\",\"children\":\"바인더\"}]}],[\"$\",\"li\",\"1\",{\"children\":[\"$\",\"a\",null,{\"href\":\"/np/categories/177427\",\"data-el\":\"office\",\"children\":\"파일\"}]}],[\"$\",\"li\",\"2\",{\"children\":[\"$\",\"a\",null,{\"href\":\"/np/categories/177442\",\"data-el\":\"office\",\"children\":\"클립보드/결재판\"}]}]]}]]}],[\"$\",\"li\",\"8\",{\"children\":[[\"$\",\"a\",null,{\"href\":\"/np/categories/401805\",\"data-el\":\"office\",\"children\":[\"파티/이벤트\",[\"$\",\"i\",null,{\"className\":\"si\"}]]}],[\"$\",\"ul\",null,{\"className\":\"tdl\",\"children\":[[\"$\",\"li\",\"0\",{\"children\":[\"$\",\"a\",null,{\"href\":\"/np/categories/401806\",\"data-el\":\"office\",\"children\":\"테이블웨어\"}]}],[\"$\",\"li\",\"1\",{\"children\":[\"$\",\"a\",null,{\"href\":\"/np/categories/401813\",\"data-el\":\"office\",\"children\":\"초/티라이트\"}]}],[\"$\",\"li\",\"2\",{\"children\":[\"$\",\"a\",null,{\"href\":\"/np/categories/401818\",\"data-el\":\"office\",\"children\":\"풍선\"}]}],[\"$\",\"li\",\"3\",{\"children\":[\"$\",\"a\",null,{\"href\":\"/np/categories/401829\",\"data-el\":\"office\",\"children\":\"파티모자/머리띠\"}]}],[\"$\",\"li\",\"4\",{\"children\":[\"$\",\"a\",null,{\"href\":\"/np/categories/401834\",\"data-el\":\"office\",\"children\":\"파티장식/가랜드\"}]}],[\"$\",\"li\",\"5\",{\"children\":[\"$\",\"a\",null,{\"href\":\"/np/categories/401840\",\"data-el\":\"office\",\"children\":\"홈파티세트\"}]}],[\"$\",\"li\",\"6\",{\"children\":[\"$\",\"a\",null,{\"href\":\"/np/categories/401841\",\"data-el\":\"office\",\"children\":\"꽃잎/폭죽/불꽃놀이\"}]}],[\"$\",\"li\",\"7\",{\"children\":[\"$\",\"a\",null,{\"href\":\"/np/categories/401847\",\"data-el\":\"office\",\"children\":\"가발/가면/안경\"}]}],[\"$\",\"li\",\"8\",{\"children\":[\"$\",\"a\",null,{\"href\":\"/np/categories/401851\",\"data-el\":\"office\",\"children\":\"의상/분장용품\"}]}],[\"$\",\"li\",\"9\",{\"children\":[\"$\",\"a\",null,{\"href\":\"/np/categories/401857\",\"data-el\":\"office\",\"children\":\"응원/페스티벌\"}]}],[\"$\",\"li\",\"10\",{\"children\":[\"$\",\"a\",null,{\"href\":\"/np/categories/401866\",\"data-el\":\"office\",\"children\":\"마술용품\"}]}],[\"$\",\"li\",\"11\",{\"children\":[\"$\",\"a\",null,{\"href\":\"/np/categories/401873\",\"data-el\":\"office\",\"children\":\"기타파티소품\"}]}]]}]]}],[\"$\",\"li\",\"9\",{\"children\":[[\"$\",\"a\",null,{\"href\":\"/np/categories/178035\",\"data-el\":\"office\",\"children\":[\"데코/포장용품\",[\"$\",\"i\",null,{\"className\":\"si\"}]]}],[\"$\",\"ul\",null,{\"className\":\"tdl\",\"children\":[[\"$\",\"li\",\"0\",{\"children\":[\"$\",\"a\",null,{\"href\":\"/np/categories/178037\",\"data-el\":\"office\",\"children\":\"선물/포장용품\"}]}],[\"$\",\"li\",\"1\",{\"children\":[\"$\",\"a\",null,{\"href\":\"/np/categories/178060\",\"data-el\":\"office\",\"children\":\"스티커\"}]}],[\"$\",\"li\",\"2\",{\"children\":[\"$\",\"a\",null,{\"href\":\"/np/categories/178068\",\"data-el\":\"office\",\"children\":\"스탬프/씰링\"}]}],[\"$\",\"li\",\"3\",{\"children\":[\"$\",\"a\",null,{\"href\":\"/np/categories/178073\",\"data-el\":\"office\",\"children\":\"모양펀치\"}]}],[\"$\",\"li\",\"4\",{\"children\":[\"$\",\"a\",null,{\"href\":\"/np/categories/178074\",\"data-el\":\"office\",\"children\":\"데코테이프\"}]}]]}]]}],[\"$\",\"li\",\"10\",{\"children\":[[\"$\",\"a\",null,{\"href\":\"/np/categories/178005\",\"data-el\":\"office\",\"children\":[\"카드/엽서/봉투\",[\"$\",\"i\",null,{\"className\":\"si\"}]]}],[\"$\",\"ul\",null,{\"className\":\"tdl\",\"children\":[[\"$\",\"li\",\"0\",{\"children\":[\"$\",\"a\",null,{\"href\":\"/np/categories/178007\",\"data-el\":\"office\",\"children\":\"카드\"}]}],[\"$\",\"li\",\"1\",{\"children\":[\"$\",\"a\",null,{\"href\":\"/np/categories/178015\",\"data-el\":\"office\",\"children\":\"엽서\"}]}],[\"$\",\"li\",\"2\",{\"children\":[\"$\",\"a\",null,{\"href\":\"/np/categories/178021\",\"data-el\":\"office\",\"children\":\"편지지\"}]}],[\"$\",\"li\",\"3\",{\"children\":[\"$\",\"a\",null,{\"href\":\"/np/categories/178022\",\"data-el\":\"office\",\"children\":\"봉투\"}]}]]}]]}],[\"$\",\"li\",\"11\",{\"children\":[[\"$\",\"a\",null,{\"href\":\"/np/categories/401781\",\"data-el\":\"office\",\"children\":[\"앨범\",[\"$\",\"i\",null,{\"className\":\"si\"}]]}],[\"$\",\"ul\",null,{\"className\":\"tdl\",\"children\":[[\"$\",\"li\",\"0\",{\"children\":[\"$\",\"a\",null,{\"href\":\"/np/categories/401782\",\"data-el\":\"office\",\"children\":\"일반포토앨범\"}]}],[\"$\",\"li\",\"1\",{\"children\":[\"$\",\"a\",null,{\"href\":\"/np/categories/401783\",\"data-el\":\"office\",\"children\":\"폴라로이드앨범\"}]}],[\"$\",\"li\",\"2\",{\"children\":[\"$\",\"a\",null,{\"href\":\"/np/categories/401784\",\"data-el\":\"office\",\"children\":\"티켓/영화앨범\"}]}],[\"$\",\"li\",\"3\",{\"children\":[\"$\",\"a\",null,{\"href\":\"/np/categories/401785\",\"data-el\":\"office\",\"children\":\"출산/성장앨범\"}]}],[\"$\",\"li\",\"4\",{\"children\":[\"$\",\"a\",null,{\"href\":\"/np/categories/401786\",\"data-el\":\"office\",\"children\":\"기타스크랩북\"}]}]]}]]}],[\"$\",\"li\",\"12\",{\"children\":[[\"$\",\"a\",null,{\"href\":\"/np/categories/177453\",\"data-el\":\"office\",\"children\":[\"복사용품/라벨지\",[\"$\",\"i\",null,{\"className\":\"si\"}]]}],[\"$\",\"ul\",null,{\"className\":\"tdl\",\"children\":[[\"$\",\"li\",\"0\",{\"children\":[\"$\",\"a\",null,{\"href\":\"/np/categories/177455\",\"data-el\":\"office\",\"children\":\"복사용지\"}]}],[\"$\",\"li\",\"1\",{\"children\":[\"$\",\"a\",null,{\"href\":\"/np/categories/177456\",\"data-el\":\"office\",\"children\":\"출력라벨지\"}]}],[\"$\",\"li\",\"2\",{\"children\":[\"$\",\"a\",null,{\"href\":\"/np/categories/177471\",\"data-el\":\"office\",\"children\":\"전용지\"}]}],[\"$\",\"li\",\"3\",{\"children\":[\"$\",\"a\",null,{\"href\":\"/np/categories/177482\",\"data-el\":\"office\",\"children\":\"잉크/토너\"}]}]]}]]}],[\"$\",\"li\",\"13\",{\"children\":[[\"$\",\"a\",null,{\"href\":\"/np/categories/401787\",\"data-el\":\"office\",\"children\":[\"보드/칠판/광고\",[\"$\",\"i\",null,{\"className\":\"si\"}]]}],[\"$\",\"ul\",null,{\"className\":\"tdl\",\"children\":[[\"$\",\"li\",\"0\",{\"children\":[\"$\",\"a\",null,{\"href\":\"/np/categories/401788\",\"data-el\":\"office\",\"children\":\"화이트보드/게시판\"}]}],[\"$\",\"li\",\"1\",{\"children\":[\"$\",\"a\",null,{\"href\":\"/np/categories/401789\",\"data-el\":\"office\",\"children\":\"블랙/칼라보드/게시판\"}]}],[\"$\",\"li\",\"2\",{\"children\":[\"$\",\"a\",null,{\"href\":\"/np/categories/401790\",\"data-el\":\"office\",\"children\":\"칠판보드/게시판\"}]}],[\"$\",\"li\",\"3\",{\"children\":[\"$\",\"a\",null,{\"href\":\"/np/categories/401791\",\"data-el\":\"office\",\"children\":\"콜크보드/게시판\"}]}],[\"$\",\"li\",\"4\",{\"children\":[\"$\",\"a\",null,{\"href\":\"/np/categories/401792\",\"data-el\":\"office\",\"children\":\"융보드/게시판\"}]}],[\"$\",\"li\",\"5\",{\"children\":[\"$\",\"a\",null,{\"href\":\"/np/categories/401793\",\"data-el\":\"office\",\"children\":\"메모보드\"}]}],[\"$\",\"li\",\"6\",{\"children\":[\"$\",\"a\",null,{\"href\":\"/np/categories/401794\",\"data-el\":\"office\",\"children\":\"타공판/메쉬보드\"}]}],[\"$\",\"li\",\"7\",{\"children\":[\"$\",\"a\",null,{\"href\":\"/np/categories/401795\",\"data-el\":\"office\",\"children\":\"보드/게시판소품\"}]}],[\"$\",\"li\",\"8\",{\"children\":[\"$\",\"a\",null,{\"href\":\"/np/categories/401799\",\"data-el\":\"office\",\"children\":\"메뉴판\"}]}],[\"$\",\"li\",\"9\",{\"children\":[\"$\",\"a\",null,{\"href\":\"/np/categories/401800\",\"data-el\":\"office\",\"children\":\"쇼카드\"}]}],[\"$\",\"li\",\"10\",{\"children\":[\"$\",\"a\",null,{\"href\":\"/np/categories/401801\",\"data-el\":\"office\",\"children\":\"아크릴꽂이/집게\"}]}],[\"$\",\"li\",\"11\",{\"children\":[\"$\",\"a\",null,{\"href\":\"/np/categories/401802\",\"data-el\":\"office\",\"children\":\"아크릴사인/표지판\"}]}],[\"$\",\"li\",\"12\",{\"children\":[\"$\",\"a\",null,{\"href\":\"/np/categories/401803\",\"data-el\":\"office\",\"children\":\"마네킹\"}]}],[\"$\",\"li\",\"13\",{\"className\":\"mc\",\"children\":[\"$\",\"a\",null,{\"href\":\"/np/categories/401804\",\"children\":\"더보기\"}]}]]}]]}]]}],[\"$\",\"span\",null,{\"className\":\"gnb-banner\",\"style\":{\"background\":\"#FFF\"},\"data-sentry-component\":\"Banner\",\"data-sentry-source-file\":\"Banner.tsx\",\"children\":[[\"$\",\"a\",null,{\"href\":\"https://pages.coupang.com/p/146284\",\"title\":\"문구/오피스\",\"data-el\":\"office\",\"children\":\"문구/오피스\"}],[\"$\",\"img\",null,{\"loading\":\"lazy\",\"alt\":\"문구/오피스\",\"src\":\"https://image10.coupangcdn.com/image/displayitem/displayitem_d6f5219b-3feb-4038-a5ed-4f83d5918d59.jpg\"}]]}]]}]]}],[\"$\",\"li\",\"13\",{\"className\":\"pet wa-category-icon\",\"data-sentry-component\":\"ThirdDepthGnb\",\"data-sentry-source-file\":\"ThirdDepthGnb.tsx\",\"children\":[[\"$\",\"a\",null,{\"href\":\"/np/categories/115674\",\"data-el\":\"pets\",\"children\":[\"반려동물용품\",[\"$\",\"i\",null,{\"className\":\"si\"}]]}],[\"$\",\"div\",null,{\"className\":\"depth\",\"children\":[[\"$\",\"ul\",null,{\"className\":\"sdl\",\"children\":[[\"$\",\"li\",\"0\",{\"children\":[[\"$\",\"a\",null,{\"href\":\"/np/categories/445725\",\"data-el\":\"pets\",\"children\":[\"강아지 사료\",[\"$\",\"i\",null,{\"className\":\"si\"}]]}],[\"$\",\"ul\",null,{\"className\":\"tdl\",\"children\":[[\"$\",\"li\",\"0\",{\"children\":[\"$\",\"a\",null,{\"href\":\"/np/categories/445726\",\"data-el\":\"pets\",\"children\":\"건식사료\"}]}],[\"$\",\"li\",\"1\",{\"children\":[\"$\",\"a\",null,{\"href\":\"/np/categories/445727\",\"data-el\":\"pets\",\"children\":\"소프트사료\"}]}],[\"$\",\"li\",\"2\",{\"children\":[\"$\",\"a\",null,{\"href\":\"/np/categories/445728\",\"data-el\":\"pets\",\"children\":\"습식사료\"}]}],[\"$\",\"li\",\"3\",{\"children\":[\"$\",\"a\",null,{\"href\":\"/np/categories/445729\",\"data-el\":\"pets\",\"children\":\"건조/생식사료\"}]}],[\"$\",\"li\",\"4\",{\"children\":[\"$\",\"a\",null,{\"href\":\"/np/categories/445730\",\"data-el\":\"pets\",\"children\":\"화식사료\"}]}],[\"$\",\"li\",\"5\",{\"children\":[\"$\",\"a\",null,{\"href\":\"/np/categories/445731\",\"data-el\":\"pets\",\"children\":\"분유\"}]}],[\"$\",\"li\",\"6\",{\"children\":[\"$\",\"a\",null,{\"href\":\"/np/categories/509024\",\"data-el\":\"pets\",\"children\":\"기능성사료\"}]}],[\"$\",\"li\",\"7\",{\"children\":[\"$\",\"a\",null,{\"href\":\"/np/categories/510526\",\"data-el\":\"pets\",\"children\":\"처방식 사료\"}]}]]}]]}],[\"$\",\"li\",\"1\",{\"children\":[[\"$\",\"a\",null,{\"href\":\"/np/categories/118900\",\"data-el\":\"pets\",\"children\":[\"강아지 간식\",[\"$\",\"i\",null,{\"className\":\"si\"}]]}],[\"$\",\"ul\",null,{\"className\":\"tdl\",\"children\":[[\"$\",\"li\",\"0\",{\"children\":[\"$\",\"a\",null,{\"href\":\"/np/categories/118975\",\"data-el\":\"pets\",\"children\":\"캔/파우치\"}]}],[\"$\",\"li\",\"1\",{\"children\":[\"$\",\"a\",null,{\"href\":\"/np/categories/385001\",\"data-el\":\"pets\",\"children\":\"덴탈껌\"}]}],[\"$\",\"li\",\"2\",{\"children\":[\"$\",\"a\",null,{\"href\":\"/np/categories/385002\",\"data-el\":\"pets\",\"children\":\"건조간식/육포\"}]}],[\"$\",\"li\",\"3\",{\"children\":[\"$\",\"a\",null,{\"href\":\"/np/categories/385003\",\"data-el\":\"pets\",\"children\":\"동결건조간식\"}]}],[\"$\",\"li\",\"4\",{\"children\":[\"$\",\"a\",null,{\"href\":\"/np/categories/118974\",\"data-el\":\"pets\",\"children\":\"비스켓/시리얼/쿠키\"}]}],[\"$\",\"li\",\"5\",{\"children\":[\"$\",\"a\",null,{\"href\":\"/np/categories/225063\",\"data-el\":\"pets\",\"children\":\"캔디/젤리\"}]}],[\"$\",\"li\",\"6\",{\"children\":[\"$\",\"a\",null,{\"href\":\"/np/categories/225064\",\"data-el\":\"pets\",\"children\":\"빵/케이크\"}]}],[\"$\",\"li\",\"7\",{\"children\":[\"$\",\"a\",null,{\"href\":\"/np/categories/445733\",\"data-el\":\"pets\",\"children\":\"테린/화식\"}]}],[\"$\",\"li\",\"8\",{\"children\":[\"$\",\"a\",null,{\"href\":\"/np/categories/385004\",\"data-el\":\"pets\",\"children\":\"져키/트릿\"}]}],[\"$\",\"li\",\"9\",{\"children\":[\"$\",\"a\",null,{\"href\":\"/np/categories/118980\",\"data-el\":\"pets\",\"children\":\"음료\"}]}]]}]]}],[\"$\",\"li\",\"2\",{\"children\":[[\"$\",\"a\",null,{\"href\":\"/np/categories/486318\",\"data-el\":\"pets\",\"children\":[\"강아지 영양제\",[\"$\",\"i\",null,{\"className\":\"si\"}]]}],[\"$\",\"ul\",null,{\"className\":\"tdl\",\"children\":[[\"$\",\"li\",\"0\",{\"children\":[\"$\",\"a\",null,{\"href\":\"/np/categories/486319\",\"data-el\":\"pets\",\"children\":\"영양제\"}]}],[\"$\",\"li\",\"1\",{\"children\":[\"$\",\"a\",null,{\"href\":\"/np/categories/486328\",\"data-el\":\"pets\",\"children\":\"건강보조제\"}]}],[\"$\",\"li\",\"2\",{\"children\":[\"$\",\"a\",null,{\"href\":\"/np/categories/510524\",\"data-el\":\"pets\",\"children\":\"처방보조/보충식\"}]}]]}]]}],[\"$\",\"li\",\"3\",{\"children\":[[\"$\",\"a\",null,{\"href\":\"/np/categories/118876\",\"data-el\":\"pets\",\"children\":[\"강아지 용품\",[\"$\",\"i\",null,{\"className\":\"si\"}]]}],[\"$\",\"ul\",null,{\"className\":\"tdl\",\"children\":[[\"$\",\"li\",\"0\",{\"children\":[\"$\",\"a\",null,{\"href\":\"/np/categories/118920\",\"data-el\":\"pets\",\"children\":\"하우스/울타리\"}]}],[\"$\",\"li\",\"1\",{\"children\":[\"$\",\"a\",null,{\"href\":\"/np/categories/118919\",\"data-el\":\"pets\",\"children\":\"급식기/급수기\"}]}],[\"$\",\"li\",\"2\",{\"children\":[\"$\",\"a\",null,{\"href\":\"/np/categories/118926\",\"data-el\":\"pets\",\"children\":\"의류/패션\"}]}],[\"$\",\"li\",\"3\",{\"children\":[\"$\",\"a\",null,{\"href\":\"/np/categories/118916\",\"data-el\":\"pets\",\"children\":\"배변용품\"}]}],[\"$\",\"li\",\"4\",{\"children\":[\"$\",\"a\",null,{\"href\":\"/np/categories/118917\",\"data-el\":\"pets\",\"children\":\"미용/목욕\"}]}],[\"$\",\"li\",\"5\",{\"children\":[\"$\",\"a\",null,{\"href\":\"/np/categories/118923\",\"data-el\":\"pets\",\"children\":\"장난감/훈련용품\"}]}],[\"$\",\"li\",\"6\",{\"children\":[\"$\",\"a\",null,{\"href\":\"/np/categories/486542\",\"data-el\":\"pets\",\"children\":\"펫캠/가전용품\"}]}],[\"$\",\"li\",\"7\",{\"children\":[\"$\",\"a\",null,{\"href\":\"/np/categories/118922\",\"data-el\":\"pets\",\"children\":\"이동장/외출용품\"}]}],[\"$\",\"li\",\"8\",{\"children\":[\"$\",\"a\",null,{\"href\":\"/np/categories/373649\",\"data-el\":\"pets\",\"children\":\"건강 관리\"}]}],[\"$\",\"li\",\"9\",{\"children\":[\"$\",\"a\",null,{\"href\":\"/np/categories/225106\",\"data-el\":\"pets\",\"children\":\"강아지도서\"}]}]]}]]}],[\"$\",\"li\",\"4\",{\"children\":[[\"$\",\"a\",null,{\"href\":\"/np/categories/445859\",\"data-el\":\"pets\",\"children\":[\"고양이 사료\",[\"$\",\"i\",null,{\"className\":\"si\"}]]}],[\"$\",\"ul\",null,{\"className\":\"tdl\",\"children\":[[\"$\",\"li\",\"0\",{\"children\":[\"$\",\"a\",null,{\"href\":\"/np/categories/445860\",\"data-el\":\"pets\",\"children\":\"건식사료\"}]}],[\"$\",\"li\",\"1\",{\"children\":[\"$\",\"a\",null,{\"href\":\"/np/categories/445861\",\"data-el\":\"pets\",\"children\":\"습식/소프트사료\"}]}],[\"$\",\"li\",\"2\",{\"children\":[\"$\",\"a\",null,{\"href\":\"/np/categories/445862\",\"data-el\":\"pets\",\"children\":\"건조생식사료\"}]}],[\"$\",\"li\",\"3\",{\"children\":[\"$\",\"a\",null,{\"href\":\"/np/categories/445863\",\"data-el\":\"pets\",\"children\":\"화식사료\"}]}],[\"$\",\"li\",\"4\",{\"children\":[\"$\",\"a\",null,{\"href\":\"/np/categories/446151\",\"data-el\":\"pets\",\"children\":\"분유\"}]}],[\"$\",\"li\",\"5\",{\"children\":[\"$\",\"a\",null,{\"href\":\"/np/categories/509026\",\"data-el\":\"pets\",\"children\":\"기능성사료\"}]}],[\"$\",\"li\",\"6\",{\"children\":[\"$\",\"a\",null,{\"href\":\"/np/categories/510527\",\"data-el\":\"pets\",\"children\":\"처방식 사료\"}]}]]}]]}],[\"$\",\"li\",\"5\",{\"children\":[[\"$\",\"a\",null,{\"href\":\"/np/categories/119402\",\"data-el\":\"pets\",\"children\":[\"고양이 간식\",[\"$\",\"i\",null,{\"className\":\"si\"}]]}],[\"$\",\"ul\",null,{\"className\":\"tdl\",\"children\":[[\"$\",\"li\",\"0\",{\"children\":[\"$\",\"a\",null,{\"href\":\"/np/categories/119522\",\"data-el\":\"pets\",\"children\":\"캔\"}]}],[\"$\",\"li\",\"1\",{\"children\":[\"$\",\"a\",null,{\"href\":\"/np/categories/119499\",\"data-el\":\"pets\",\"children\":\"파우치\"}]}],[\"$\",\"li\",\"2\",{\"children\":[\"$\",\"a\",null,{\"href\":\"/np/categories/120216\",\"data-el\":\"pets\",\"children\":\"동결/건조간식\"}]}],[\"$\",\"li\",\"3\",{\"children\":[\"$\",\"a\",null,{\"href\":\"/np/categories/119501\",\"data-el\":\"pets\",\"children\":\"수제간식\"}]}],[\"$\",\"li\",\"4\",{\"children\":[\"$\",\"a\",null,{\"href\":\"/np/categories/119502\",\"data-el\":\"pets\",\"children\":\"져키/스틱\"}]}],[\"$\",\"li\",\"5\",{\"children\":[\"$\",\"a\",null,{\"href\":\"/np/categories/119503\",\"data-el\":\"pets\",\"children\":\"통살/소시지\"}]}],[\"$\",\"li\",\"6\",{\"children\":[\"$\",\"a\",null,{\"href\":\"/np/categories/119504\",\"data-el\":\"pets\",\"children\":\"스낵\"}]}],[\"$\",\"li\",\"7\",{\"children\":[\"$\",\"a\",null,{\"href\":\"/np/categories/119505\",\"data-el\":\"pets\",\"children\":\"캣닢/캣글라스\"}]}],[\"$\",\"li\",\"8\",{\"children\":[\"$\",\"a\",null,{\"href\":\"/np/categories/119506\",\"data-el\":\"pets\",\"children\":\"음료\"}]}],[\"$\",\"li\",\"9\",{\"children\":[\"$\",\"a\",null,{\"href\":\"/np/categories/120217\",\"data-el\":\"pets\",\"children\":\"껌\"}]}],[\"$\",\"li\",\"10\",{\"children\":[\"$\",\"a\",null,{\"href\":\"/np/categories/445864\",\"data-el\":\"pets\",\"children\":\"테린/화식\"}]}]]}]]}],[\"$\",\"li\",\"6\",{\"children\":[[\"$\",\"a\",null,{\"href\":\"/np/categories/118878\",\"data-el\":\"pets\",\"children\":[\"고양이 용품\",[\"$\",\"i\",null,{\"className\":\"si\"}]]}],[\"$\",\"ul\",null,{\"className\":\"tdl\",\"children\":[[\"$\",\"li\",\"0\",{\"children\":[\"$\",\"a\",null,{\"href\":\"/np/categories/119567\",\"data-el\":\"pets\",\"children\":\"캣타워/스크래쳐\"}]}],[\"$\",\"li\",\"1\",{\"children\":[\"$\",\"a\",null,{\"href\":\"/np/categories/119562\",\"data-el\":\"pets\",\"children\":\"하우스/방석\"}]}],[\"$\",\"li\",\"2\",{\"children\":[\"$\",\"a\",null,{\"href\":\"/np/categories/119561\",\"data-el\":\"pets\",\"children\":\"급식기/급수기\"}]}],[\"$\",\"li\",\"3\",{\"children\":[\"$\",\"a\",null,{\"href\":\"/np/categories/157054\",\"data-el\":\"pets\",\"children\":\"의류/패션\"}]}],[\"$\",\"li\",\"4\",{\"children\":[\"$\",\"a\",null,{\"href\":\"/np/categories/119558\",\"data-el\":\"pets\",\"children\":\"모래/화장실\"}]}],[\"$\",\"li\",\"5\",{\"children\":[\"$\",\"a\",null,{\"href\":\"/np/categories/385076\",\"data-el\":\"pets\",\"children\":\"미용/목욕\"}]}],[\"$\",\"li\",\"6\",{\"children\":[\"$\",\"a\",null,{\"href\":\"/np/categories/119568\",\"data-el\":\"pets\",\"children\":\"장난감\"}]}],[\"$\",\"li\",\"7\",{\"children\":[\"$\",\"a\",null,{\"href\":\"/np/categories/486545\",\"data-el\":\"pets\",\"children\":\"펫캠/가전용품\"}]}],[\"$\",\"li\",\"8\",{\"children\":[\"$\",\"a\",null,{\"href\":\"/np/categories/119564\",\"data-el\":\"pets\",\"children\":\"이동장/외출용품\"}]}],[\"$\",\"li\",\"9\",{\"children\":[\"$\",\"a\",null,{\"href\":\"/np/categories/119559\",\"data-el\":\"pets\",\"children\":\"건강 관리\"}]}],[\"$\",\"li\",\"10\",{\"children\":[\"$\",\"a\",null,{\"href\":\"/np/categories/225107\",\"data-el\":\"pets\",\"children\":\"고양이 도서\"}]}]]}]]}],[\"$\",\"li\",\"7\",{\"children\":[[\"$\",\"a\",null,{\"href\":\"/np/categories/486331\",\"data-el\":\"pets\",\"children\":[\"고양이 영양제\",[\"$\",\"i\",null,{\"className\":\"si\"}]]}],[\"$\",\"ul\",null,{\"className\":\"tdl\",\"children\":[[\"$\",\"li\",\"0\",{\"children\":[\"$\",\"a\",null,{\"href\":\"/np/categories/486332\",\"data-el\":\"pets\",\"children\":\"영양제\"}]}],[\"$\",\"li\",\"1\",{\"children\":[\"$\",\"a\",null,{\"href\":\"/np/categories/486342\",\"data-el\":\"pets\",\"children\":\"건강보조제\"}]}],[\"$\",\"li\",\"2\",{\"children\":[\"$\",\"a\",null,{\"href\":\"/np/categories/510525\",\"data-el\":\"pets\",\"children\":\"처방보조/보충식\"}]}]]}]]}],[\"$\",\"li\",\"8\",{\"children\":[[\"$\",\"a\",null,{\"href\":\"/np/categories/381522\",\"data-el\":\"pets\",\"children\":[\"펫티켓 산책용품\",[\"$\",\"i\",null,{\"className\":\"si\"}]]}],[\"$\",\"ul\",null,{\"className\":\"tdl\",\"children\":[[\"$\",\"li\",\"0\",{\"children\":[\"$\",\"a\",null,{\"href\":\"/np/categories/381523\",\"data-el\":\"pets\",\"children\":\"배변봉투/삽\"}]}],[\"$\",\"li\",\"1\",{\"children\":[\"$\",\"a\",null,{\"href\":\"/np/categories/381526\",\"data-el\":\"pets\",\"children\":\"물티슈/크리너\"}]}],[\"$\",\"li\",\"2\",{\"children\":[\"$\",\"a\",null,{\"href\":\"/np/categories/381527\",\"data-el\":\"pets\",\"children\":\"기저귀/매너벨트\"}]}],[\"$\",\"li\",\"3\",{\"children\":[\"$\",\"a\",null,{\"href\":\"/np/categories/381528\",\"data-el\":\"pets\",\"children\":\"입마개\"}]}],[\"$\",\"li\",\"4\",{\"children\":[\"$\",\"a\",null,{\"href\":\"/np/categories/381529\",\"data-el\":\"pets\",\"children\":\"가슴줄/하네스\"}]}],[\"$\",\"li\",\"5\",{\"children\":[\"$\",\"a\",null,{\"href\":\"/np/categories/381532\",\"data-el\":\"pets\",\"children\":\"목줄\"}]}],[\"$\",\"li\",\"6\",{\"children\":[\"$\",\"a\",null,{\"href\":\"/np/categories/381535\",\"data-el\":\"pets\",\"children\":\"리드줄\"}]}],[\"$\",\"li\",\"7\",{\"children\":[\"$\",\"a\",null,{\"href\":\"/np/categories/381538\",\"data-el\":\"pets\",\"children\":\"자동줄\"}]}],[\"$\",\"li\",\"8\",{\"children\":[\"$\",\"a\",null,{\"href\":\"/np/categories/381539\",\"data-el\":\"pets\",\"children\":\"인식표/목걸이\"}]}],[\"$\",\"li\",\"9\",{\"children\":[\"$\",\"a\",null,{\"href\":\"/np/categories/381540\",\"data-el\":\"pets\",\"children\":\"이동가방/캐리어\"}]}]]}]]}],[\"$\",\"li\",\"9\",{\"children\":[[\"$\",\"a\",null,{\"href\":\"/np/categories/118879\",\"data-el\":\"pets\",\"children\":[\"관상어 용품\",[\"$\",\"i\",null,{\"className\":\"si\"}]]}],[\"$\",\"ul\",null,{\"className\":\"tdl\",\"children\":[[\"$\",\"li\",\"0\",{\"children\":[\"$\",\"a\",null,{\"href\":\"/np/categories/119922\",\"data-el\":\"pets\",\"children\":\"사료\"}]}],[\"$\",\"li\",\"1\",{\"children\":[\"$\",\"a\",null,{\"href\":\"/np/categories/384981\",\"data-el\":\"pets\",\"children\":\"수초/재배용품\"}]}],[\"$\",\"li\",\"2\",{\"children\":[\"$\",\"a\",null,{\"href\":\"/np/categories/384995\",\"data-el\":\"pets\",\"children\":\"수조/어항\"}]}],[\"$\",\"li\",\"3\",{\"children\":[\"$\",\"a\",null,{\"href\":\"/np/categories/119925\",\"data-el\":\"pets\",\"children\":\"수질 관리용품\"}]}],[\"$\",\"li\",\"4\",{\"children\":[\"$\",\"a\",null,{\"href\":\"/np/categories/119926\",\"data-el\":\"pets\",\"children\":\"모터/여과용품\"}]}],[\"$\",\"li\",\"5\",{\"children\":[\"$\",\"a\",null,{\"href\":\"/np/categories/119927\",\"data-el\":\"pets\",\"children\":\"수조장식/바닥재\"}]}],[\"$\",\"li\",\"6\",{\"children\":[\"$\",\"a\",null,{\"href\":\"/np/categories/119928\",\"data-el\":\"pets\",\"children\":\"히터/온도계\"}]}],[\"$\",\"li\",\"7\",{\"children\":[\"$\",\"a\",null,{\"href\":\"/np/categories/119929\",\"data-el\":\"pets\",\"children\":\"청소도구\"}]}],[\"$\",\"li\",\"8\",{\"children\":[\"$\",\"a\",null,{\"href\":\"/np/categories/119932\",\"data-el\":\"pets\",\"children\":\"조명\"}]}],[\"$\",\"li\",\"9\",{\"children\":[\"$\",\"a\",null,{\"href\":\"/np/categories/119933\",\"data-el\":\"pets\",\"children\":\"부화용품/급여기\"}]}],[\"$\",\"li\",\"10\",{\"children\":[\"$\",\"a\",null,{\"href\":\"/np/categories/225108\",\"data-el\":\"pets\",\"children\":\"관상어 도서\"}]}]]}]]}],[\"$\",\"li\",\"10\",{\"children\":[[\"$\",\"a\",null,{\"href\":\"/np/categories/121391\",\"data-el\":\"pets\",\"children\":[\"소동물/가축용품\",[\"$\",\"i\",null,{\"className\":\"si\"}]]}],[\"$\",\"ul\",null,{\"className\":\"tdl\",\"children\":[[\"$\",\"li\",\"0\",{\"children\":[\"$\",\"a\",null,{\"href\":\"/np/categories/118880\",\"data-el\":\"pets\",\"children\":\"조류용품\"}]}],[\"$\",\"li\",\"1\",{\"children\":[\"$\",\"a\",null,{\"href\":\"/np/categories/402289\",\"data-el\":\"pets\",\"children\":\"토끼/기니피그\"}]}],[\"$\",\"li\",\"2\",{\"children\":[\"$\",\"a\",null,{\"href\":\"/np/categories/118882\",\"data-el\":\"pets\",\"children\":\"햄스터 용품\"}]}],[\"$\",\"li\",\"3\",{\"children\":[\"$\",\"a\",null,{\"href\":\"/np/categories/118883\",\"data-el\":\"pets\",\"children\":\"고슴도치용품\"}]}],[\"$\",\"li\",\"4\",{\"children\":[\"$\",\"a\",null,{\"href\":\"/np/categories/118886\",\"data-el\":\"pets\",\"children\":\"페럿용품\"}]}],[\"$\",\"li\",\"5\",{\"children\":[\"$\",\"a\",null,{\"href\":\"/np/categories/118885\",\"data-el\":\"pets\",\"children\":\"거북이/달팽이용품\"}]}],[\"$\",\"li\",\"6\",{\"children\":[\"$\",\"a\",null,{\"href\":\"/np/categories/118881\",\"data-el\":\"pets\",\"children\":\"파충류용품\"}]}],[\"$\",\"li\",\"7\",{\"children\":[\"$\",\"a\",null,{\"href\":\"/np/categories/118884\",\"data-el\":\"pets\",\"children\":\"장수풍뎅이/곤충용품\"}]}],[\"$\",\"li\",\"8\",{\"children\":[\"$\",\"a\",null,{\"href\":\"/np/categories/225990\",\"data-el\":\"pets\",\"children\":\"가축사료/용품\"}]}],[\"$\",\"li\",\"9\",{\"children\":[\"$\",\"a\",null,{\"href\":\"/np/categories/225109\",\"data-el\":\"pets\",\"children\":\"소동물 도서\"}]}]]}]]}],[\"$\",\"li\",\"11\",{\"children\":[[\"$\",\"a\",null,{\"href\":\"/np/campaigns/17993\",\"data-el\":\"pets\",\"children\":[\"로켓펫닥터\",null]}],false]}]]}],[\"$\",\"span\",null,{\"className\":\"gnb-banner\",\"style\":{\"background\":\"#FFF\"},\"data-sentry-component\":\"Banner\",\"data-sentry-source-file\":\"Banner.tsx\",\"children\":[[\"$\",\"a\",null,{\"href\":\"https://pages.coupang.com/p/144706\",\"title\":\"반려동물용품\",\"data-el\":\"pets\",\"children\":\"반려동물용품\"}],[\"$\",\"img\",null,{\"loading\":\"lazy\",\"alt\":\"반려동물용품\",\"src\":\"https://image6.coupangcdn.com/image/displayitem/displayitem_fba783a2-a69d-4a67-8970-24433420aa9c.jpg\"}]]}]]}]]}],[\"$\",\"li\",\"14\",{\"className\":\"health wa-category-icon\",\"data-sentry-component\":\"ThirdDepthGnb\",\"data-sentry-source-file\":\"ThirdDepthGnb.tsx\",\"children\":[[\"$\",\"a\",null,{\"href\":\"/np/categories/305798\",\"data-el\":\"health\",\"children\":[\"헬스/건강식품\",[\"$\",\"i\",null,{\"className\":\"si\"}]]}],[\"$\",\"div\",null,{\"className\":\"depth\",\"children\":[[\"$\",\"ul\",null,{\"className\":\"sdl\",\"children\":[[\"$\",\"li\",\"0\",{\"children\":[[\"$\",\"a\",null,{\"href\":\"/np/campaigns/6585\",\"data-el\":\"health\",\"children\":[\"건강기능식품\",null]}],false]}],[\"$\",\"li\",\"1\",{\"children\":[[\"$\",\"a\",null,{\"href\":\"/np/categories/310632\",\"data-el\":\"health\",\"children\":[\"비타민/미네랄\",[\"$\",\"i\",null,{\"className\":\"si\"}]]}],[\"$\",\"ul\",null,{\"className\":\"tdl\",\"children\":[[\"$\",\"li\",\"0\",{\"children\":[\"$\",\"a\",null,{\"href\":\"/np/categories/310633\",\"data-el\":\"health\",\"children\":\"멀티비타민\"}]}],[\"$\",\"li\",\"1\",{\"children\":[\"$\",\"a\",null,{\"href\":\"/np/categories/310634\",\"data-el\":\"health\",\"children\":\"비타민A\"}]}],[\"$\",\"li\",\"2\",{\"children\":[\"$\",\"a\",null,{\"href\":\"/np/categories/310635\",\"data-el\":\"health\",\"children\":\"비타민B\"}]}],[\"$\",\"li\",\"3\",{\"children\":[\"$\",\"a\",null,{\"href\":\"/np/categories/310636\",\"data-el\":\"health\",\"children\":\"비오틴\"}]}],[\"$\",\"li\",\"4\",{\"children\":[\"$\",\"a\",null,{\"href\":\"/np/categories/310637\",\"data-el\":\"health\",\"children\":\"비타민C\"}]}],[\"$\",\"li\",\"5\",{\"children\":[\"$\",\"a\",null,{\"href\":\"/np/categories/310638\",\"data-el\":\"health\",\"children\":\"비타민D\"}]}],[\"$\",\"li\",\"6\",{\"children\":[\"$\",\"a\",null,{\"href\":\"/np/categories/310639\",\"data-el\":\"health\",\"children\":\"비타민E\"}]}],[\"$\",\"li\",\"7\",{\"children\":[\"$\",\"a\",null,{\"href\":\"/np/categories/310640\",\"data-el\":\"health\",\"children\":\"비타민K\"}]}],[\"$\",\"li\",\"8\",{\"children\":[\"$\",\"a\",null,{\"href\":\"/np/categories/310641\",\"data-el\":\"health\",\"children\":\"칼슘\"}]}],[\"$\",\"li\",\"9\",{\"children\":[\"$\",\"a\",null,{\"href\":\"/np/categories/310642\",\"data-el\":\"health\",\"children\":\"마그네슘\"}]}],[\"$\",\"li\",\"10\",{\"children\":[\"$\",\"a\",null,{\"href\":\"/np/categories/310643\",\"data-el\":\"health\",\"children\":\"아연\"}]}],[\"$\",\"li\",\"11\",{\"children\":[\"$\",\"a\",null,{\"href\":\"/np/categories/310644\",\"data-el\":\"health\",\"children\":\"철분\"}]}],[\"$\",\"li\",\"12\",{\"children\":[\"$\",\"a\",null,{\"href\":\"/np/categories/310645\",\"data-el\":\"health\",\"children\":\"요오드\"}]}],[\"$\",\"li\",\"13\",{\"className\":\"mc\",\"children\":[\"$\",\"a\",null,{\"href\":\"/np/categories/310646\",\"children\":\"더보기\"}]}]]}]]}],[\"$\",\"li\",\"2\",{\"children\":[[\"$\",\"a\",null,{\"href\":\"/np/categories/310655\",\"data-el\":\"health\",\"children\":[\"건강식품\",[\"$\",\"i\",null,{\"className\":\"si\"}]]}],[\"$\",\"ul\",null,{\"className\":\"tdl\",\"children\":[[\"$\",\"li\",\"0\",{\"children\":[\"$\",\"a\",null,{\"href\":\"/np/categories/310656\",\"data-el\":\"health\",\"children\":\"유산균\"}]}],[\"$\",\"li\",\"1\",{\"children\":[\"$\",\"a\",null,{\"href\":\"/np/categories/310657\",\"data-el\":\"health\",\"children\":\"루테인\"}]}],[\"$\",\"li\",\"2\",{\"children\":[\"$\",\"a\",null,{\"href\":\"/np/categories/310658\",\"data-el\":\"health\",\"children\":\"밀크시슬\"}]}],[\"$\",\"li\",\"3\",{\"children\":[\"$\",\"a\",null,{\"href\":\"/np/categories/509614\",\"data-el\":\"health\",\"children\":\"오메가/크릴오일\"}]}],[\"$\",\"li\",\"4\",{\"children\":[\"$\",\"a\",null,{\"href\":\"/np/categories/310660\",\"data-el\":\"health\",\"children\":\"DHA\"}]}],[\"$\",\"li\",\"5\",{\"children\":[\"$\",\"a\",null,{\"href\":\"/np/categories/310661\",\"data-el\":\"health\",\"children\":\"코엔자임Q10\"}]}],[\"$\",\"li\",\"6\",{\"children\":[\"$\",\"a\",null,{\"href\":\"/np/categories/310662\",\"data-el\":\"health\",\"children\":\"히알루론산/콜라겐\"}]}],[\"$\",\"li\",\"7\",{\"children\":[\"$\",\"a\",null,{\"href\":\"/np/categories/310663\",\"data-el\":\"health\",\"children\":\"효소\"}]}],[\"$\",\"li\",\"8\",{\"children\":[\"$\",\"a\",null,{\"href\":\"/np/categories/310664\",\"data-el\":\"health\",\"children\":\"폴리코사놀\"}]}],[\"$\",\"li\",\"9\",{\"children\":[\"$\",\"a\",null,{\"href\":\"/np/categories/310665\",\"data-el\":\"health\",\"children\":\"글루코사민\"}]}],[\"$\",\"li\",\"10\",{\"children\":[\"$\",\"a\",null,{\"href\":\"/np/categories/310666\",\"data-el\":\"health\",\"children\":\"프로폴리스\"}]}],[\"$\",\"li\",\"11\",{\"children\":[\"$\",\"a\",null,{\"href\":\"/np/categories/310667\",\"data-el\":\"health\",\"children\":\"쏘팔메토\"}]}],[\"$\",\"li\",\"12\",{\"children\":[\"$\",\"a\",null,{\"href\":\"/np/categories/509625\",\"data-el\":\"health\",\"children\":\"보스웰리아\"}]}],[\"$\",\"li\",\"13\",{\"className\":\"mc\",\"children\":[\"$\",\"a\",null,{\"href\":\"/np/categories/310668\",\"children\":\"더보기\"}]}]]}]]}],[\"$\",\"li\",\"3\",{\"children\":[[\"$\",\"a\",null,{\"href\":\"/np/categories/310694\",\"data-el\":\"health\",\"children\":[\"허브/식물추출물\",[\"$\",\"i\",null,{\"className\":\"si\"}]]}],[\"$\",\"ul\",null,{\"className\":\"tdl\",\"children\":[[\"$\",\"li\",\"0\",{\"children\":[\"$\",\"a\",null,{\"href\":\"/np/categories/310704\",\"data-el\":\"health\",\"children\":\"석류\"}]}],[\"$\",\"li\",\"1\",{\"children\":[\"$\",\"a\",null,{\"href\":\"/np/categories/310711\",\"data-el\":\"health\",\"children\":\"아사이베리\"}]}],[\"$\",\"li\",\"2\",{\"children\":[\"$\",\"a\",null,{\"href\":\"/np/categories/310712\",\"data-el\":\"health\",\"children\":\"크랜베리\"}]}],[\"$\",\"li\",\"3\",{\"children\":[\"$\",\"a\",null,{\"href\":\"/np/categories/310713\",\"data-el\":\"health\",\"children\":\"블루베리\"}]}],[\"$\",\"li\",\"4\",{\"children\":[\"$\",\"a\",null,{\"href\":\"/np/categories/310705\",\"data-el\":\"health\",\"children\":\"클로렐라\"}]}],[\"$\",\"li\",\"5\",{\"children\":[\"$\",\"a\",null,{\"href\":\"/np/categories/310719\",\"data-el\":\"health\",\"children\":\"쏘팔메토\"}]}],[\"$\",\"li\",\"6\",{\"children\":[\"$\",\"a\",null,{\"href\":\"/np/categories/310718\",\"data-el\":\"health\",\"children\":\"루테인\"}]}],[\"$\",\"li\",\"7\",{\"children\":[\"$\",\"a\",null,{\"href\":\"/np/categories/310714\",\"data-el\":\"health\",\"children\":\"빌베리\"}]}],[\"$\",\"li\",\"8\",{\"children\":[\"$\",\"a\",null,{\"href\":\"/np/categories/310717\",\"data-el\":\"health\",\"children\":\"프로폴리스\"}]}],[\"$\",\"li\",\"9\",{\"children\":[\"$\",\"a\",null,{\"href\":\"/np/categories/310702\",\"data-el\":\"health\",\"children\":\"로열젤리/벌화분\"}]}],[\"$\",\"li\",\"10\",{\"children\":[\"$\",\"a\",null,{\"href\":\"/np/categories/310716\",\"data-el\":\"health\",\"children\":\"밀크시슬\"}]}],[\"$\",\"li\",\"11\",{\"children\":[\"$\",\"a\",null,{\"href\":\"/np/categories/310697\",\"data-el\":\"health\",\"children\":\"징코\"}]}],[\"$\",\"li\",\"12\",{\"children\":[\"$\",\"a\",null,{\"href\":\"/np/categories/310698\",\"data-el\":\"health\",\"children\":\"마카\"}]}],[\"$\",\"li\",\"13\",{\"className\":\"mc\",\"children\":[\"$\",\"a\",null,{\"href\":\"/np/categories/310699\",\"children\":\"더보기\"}]}]]}]]}],[\"$\",\"li\",\"4\",{\"children\":[[\"$\",\"a\",null,{\"href\":\"/np/categories/311209\",\"data-el\":\"health\",\"children\":[\"홍삼/인삼\",[\"$\",\"i\",null,{\"className\":\"si\"}]]}],[\"$\",\"ul\",null,{\"className\":\"tdl\",\"children\":[[\"$\",\"li\",\"0\",{\"children\":[\"$\",\"a\",null,{\"href\":\"/np/categories/311210\",\"data-el\":\"health\",\"children\":\"홍삼농축액/홍삼정\"}]}],[\"$\",\"li\",\"1\",{\"children\":[\"$\",\"a\",null,{\"href\":\"/np/categories/311211\",\"data-el\":\"health\",\"children\":\"홍삼진액/파우치\"}]}],[\"$\",\"li\",\"2\",{\"children\":[\"$\",\"a\",null,{\"href\":\"/np/categories/311212\",\"data-el\":\"health\",\"children\":\"홍삼정과/절편\"}]}],[\"$\",\"li\",\"3\",{\"children\":[\"$\",\"a\",null,{\"href\":\"/np/categories/311213\",\"data-el\":\"health\",\"children\":\"홍삼캡슐\"}]}],[\"$\",\"li\",\"4\",{\"children\":[\"$\",\"a\",null,{\"href\":\"/np/categories/311214\",\"data-el\":\"health\",\"children\":\"홍삼환\"}]}],[\"$\",\"li\",\"5\",{\"children\":[\"$\",\"a\",null,{\"href\":\"/np/categories/311215\",\"data-el\":\"health\",\"children\":\"홍삼캔디/젤리\"}]}],[\"$\",\"li\",\"6\",{\"children\":[\"$\",\"a\",null,{\"href\":\"/np/categories/311216\",\"data-el\":\"health\",\"children\":\"어린이홍삼\"}]}],[\"$\",\"li\",\"7\",{\"children\":[\"$\",\"a\",null,{\"href\":\"/np/categories/311217\",\"data-el\":\"health\",\"children\":\"기타 홍삼\"}]}],[\"$\",\"li\",\"8\",{\"children\":[\"$\",\"a\",null,{\"href\":\"/np/categories/311218\",\"data-el\":\"health\",\"children\":\"인삼/수삼/장뇌삼\"}]}]]}]]}],[\"$\",\"li\",\"5\",{\"children\":[[\"$\",\"a\",null,{\"href\":\"/np/categories/311219\",\"data-el\":\"health\",\"children\":[\"건강즙/음료\",[\"$\",\"i\",null,{\"className\":\"si\"}]]}],[\"$\",\"ul\",null,{\"className\":\"tdl\",\"children\":[[\"$\",\"li\",\"0\",{\"children\":[\"$\",\"a\",null,{\"href\":\"/np/categories/311223\",\"data-el\":\"health\",\"children\":\"배즙/도라지즙\"}]}],[\"$\",\"li\",\"1\",{\"children\":[\"$\",\"a\",null,{\"href\":\"/np/categories/486650\",\"data-el\":\"health\",\"children\":\"양배추즙\"}]}],[\"$\",\"li\",\"2\",{\"children\":[\"$\",\"a\",null,{\"href\":\"/np/categories/486651\",\"data-el\":\"health\",\"children\":\"비트/호박즙\"}]}],[\"$\",\"li\",\"3\",{\"children\":[\"$\",\"a\",null,{\"href\":\"/np/categories/311220\",\"data-el\":\"health\",\"children\":\"ABC/석류/사과/포도\"}]}],[\"$\",\"li\",\"4\",{\"children\":[\"$\",\"a\",null,{\"href\":\"/np/categories/311224\",\"data-el\":\"health\",\"children\":\"양파즙/마늘즙\"}]}],[\"$\",\"li\",\"5\",{\"children\":[\"$\",\"a\",null,{\"href\":\"/np/categories/311227\",\"data-el\":\"health\",\"children\":\"기타건강즙\"}]}],[\"$\",\"li\",\"6\",{\"children\":[\"$\",\"a\",null,{\"href\":\"/np/categories/501428\",\"data-el\":\"health\",\"children\":\"건강음료\"}]}]]}]]}],[\"$\",\"li\",\"6\",{\"children\":[[\"$\",\"a\",null,{\"href\":\"/np/categories/501440\",\"data-el\":\"health\",\"children\":[\"꿀/프로폴리스\",[\"$\",\"i\",null,{\"className\":\"si\"}]]}],[\"$\",\"ul\",null,{\"className\":\"tdl\",\"children\":[[\"$\",\"li\",\"0\",{\"children\":[\"$\",\"a\",null,{\"href\":\"/np/categories/501441\",\"data-el\":\"health\",\"children\":\"일반꿀\"}]}],[\"$\",\"li\",\"1\",{\"children\":[\"$\",\"a\",null,{\"href\":\"/np/categories/501442\",\"data-el\":\"health\",\"children\":\"벌집꿀\"}]}],[\"$\",\"li\",\"2\",{\"children\":[\"$\",\"a\",null,{\"href\":\"/np/categories/501443\",\"data-el\":\"health\",\"children\":\"로얄젤리\"}]}],[\"$\",\"li\",\"3\",{\"children\":[\"$\",\"a\",null,{\"href\":\"/np/categories/501444\",\"data-el\":\"health\",\"children\":\"허니파우더/벌화분\"}]}],[\"$\",\"li\",\"4\",{\"children\":[\"$\",\"a\",null,{\"href\":\"/np/categories/501445\",\"data-el\":\"health\",\"children\":\"프로폴리스\"}]}]]}]]}],[\"$\",\"li\",\"7\",{\"children\":[[\"$\",\"a\",null,{\"href\":\"/np/categories/501446\",\"data-el\":\"health\",\"children\":[\"건강분말/건강환\",[\"$\",\"i\",null,{\"className\":\"si\"}]]}],[\"$\",\"ul\",null,{\"className\":\"tdl\",\"children\":[[\"$\",\"li\",\"0\",{\"children\":[\"$\",\"a\",null,{\"href\":\"/np/categories/501447\",\"data-el\":\"health\",\"children\":\"건강환\"}]}],[\"$\",\"li\",\"1\",{\"children\":[\"$\",\"a\",null,{\"href\":\"/np/categories/501448\",\"data-el\":\"health\",\"children\":\"건강분말\"}]}]]}]]}],[\"$\",\"li\",\"8\",{\"children\":[[\"$\",\"a\",null,{\"href\":\"/np/categories/310722\",\"data-el\":\"health\",\"children\":[\"헬스보충식품\",[\"$\",\"i\",null,{\"className\":\"si\"}]]}],[\"$\",\"ul\",null,{\"className\":\"tdl\",\"children\":[[\"$\",\"li\",\"0\",{\"children\":[\"$\",\"a\",null,{\"href\":\"/np/categories/310723\",\"data-el\":\"health\",\"children\":\"프로틴\"}]}],[\"$\",\"li\",\"1\",{\"children\":[\"$\",\"a\",null,{\"href\":\"/np/categories/310731\",\"data-el\":\"health\",\"children\":\"크레아틴\"}]}],[\"$\",\"li\",\"2\",{\"children\":[\"$\",\"a\",null,{\"href\":\"/np/categories/310732\",\"data-el\":\"health\",\"children\":\"아미노산\"}]}],[\"$\",\"li\",\"3\",{\"children\":[\"$\",\"a\",null,{\"href\":\"/np/categories/310744\",\"data-el\":\"health\",\"children\":\"기타헬스보조제\"}]}]]}]]}],[\"$\",\"li\",\"9\",{\"children\":[[\"$\",\"a\",null,{\"href\":\"/np/categories/310745\",\"data-el\":\"health\",\"children\":[\"다이어트/이너뷰티\",[\"$\",\"i\",null,{\"className\":\"si\"}]]}],[\"$\",\"ul\",null,{\"className\":\"tdl\",\"children\":[[\"$\",\"li\",\"0\",{\"children\":[\"$\",\"a\",null,{\"href\":\"/np/categories/310746\",\"data-el\":\"health\",\"children\":\"탄수화물차단제\"}]}],[\"$\",\"li\",\"1\",{\"children\":[\"$\",\"a\",null,{\"href\":\"/np/categories/310750\",\"data-el\":\"health\",\"children\":\"체지방감소제\"}]}],[\"$\",\"li\",\"2\",{\"children\":[\"$\",\"a\",null,{\"href\":\"/np/categories/310759\",\"data-el\":\"health\",\"children\":\"다이어트 쉐이크\"}]}],[\"$\",\"li\",\"3\",{\"children\":[\"$\",\"a\",null,{\"href\":\"/np/categories/501449\",\"data-el\":\"health\",\"children\":\"과일/야채음료\"}]}],[\"$\",\"li\",\"4\",{\"children\":[\"$\",\"a\",null,{\"href\":\"/np/categories/501450\",\"data-el\":\"health\",\"children\":\"히알루론산/콜라겐\"}]}],[\"$\",\"li\",\"5\",{\"children\":[\"$\",\"a\",null,{\"href\":\"/np/categories/501451\",\"data-el\":\"health\",\"children\":\"석류\"}]}],[\"$\",\"li\",\"6\",{\"children\":[\"$\",\"a\",null,{\"href\":\"/np/categories/310760\",\"data-el\":\"health\",\"children\":\"기타다이어트식품\"}]}]]}]]}],[\"$\",\"li\",\"10\",{\"children\":[[\"$\",\"a\",null,{\"href\":\"/np/categories/566996\",\"data-el\":\"health\",\"children\":[\"영양식/선식\",[\"$\",\"i\",null,{\"className\":\"si\"}]]}],[\"$\",\"ul\",null,{\"className\":\"tdl\",\"children\":[[\"$\",\"li\",\"0\",{\"children\":[\"$\",\"a\",null,{\"href\":\"/np/categories/566997\",\"data-el\":\"health\",\"children\":\"건강회복식\"}]}],[\"$\",\"li\",\"1\",{\"children\":[\"$\",\"a\",null,{\"href\":\"/np/categories/566998\",\"data-el\":\"health\",\"children\":\"성인분유\"}]}],[\"$\",\"li\",\"2\",{\"children\":[\"$\",\"a\",null,{\"href\":\"/np/categories/566999\",\"data-el\":\"health\",\"children\":\"기타영양식\"}]}]]}]]}],[\"$\",\"li\",\"11\",{\"children\":[[\"$\",\"a\",null,{\"href\":\"/np/categories/501398\",\"data-el\":\"health\",\"children\":[\"어린이 건강식품\",[\"$\",\"i\",null,{\"className\":\"si\"}]]}],[\"$\",\"ul\",null,{\"className\":\"tdl\",\"children\":[[\"$\",\"li\",\"0\",{\"children\":[\"$\",\"a\",null,{\"href\":\"/np/categories/501399\",\"data-el\":\"health\",\"children\":\"비타민/미네랄\"}]}],[\"$\",\"li\",\"1\",{\"children\":[\"$\",\"a\",null,{\"href\":\"/np/categories/501400\",\"data-el\":\"health\",\"children\":\"홍삼\"}]}],[\"$\",\"li\",\"2\",{\"children\":[\"$\",\"a\",null,{\"href\":\"/np/categories/501401\",\"data-el\":\"health\",\"children\":\"칼슘\"}]}],[\"$\",\"li\",\"3\",{\"children\":[\"$\",\"a\",null,{\"href\":\"/np/categories/501402\",\"data-el\":\"health\",\"children\":\"유산균/초유\"}]}],[\"$\",\"li\",\"4\",{\"children\":[\"$\",\"a\",null,{\"href\":\"/np/categories/501403\",\"data-el\":\"health\",\"children\":\"오메가\"}]}],[\"$\",\"li\",\"5\",{\"children\":[\"$\",\"a\",null,{\"href\":\"/np/categories/501404\",\"data-el\":\"health\",\"children\":\"기타 건강식품\"}]}]]}]]}],[\"$\",\"li\",\"12\",{\"children\":[[\"$\",\"a\",null,{\"href\":\"/np/categories/501452\",\"data-el\":\"health\",\"children\":[\"홈트레이닝\",[\"$\",\"i\",null,{\"className\":\"si\"}]]}],[\"$\",\"ul\",null,{\"className\":\"tdl\",\"children\":[[\"$\",\"li\",\"0\",{\"children\":[\"$\",\"a\",null,{\"href\":\"/np/categories/501453\",\"data-el\":\"health\",\"children\":\"스트레칭/마사지\"}]}],[\"$\",\"li\",\"1\",{\"children\":[\"$\",\"a\",null,{\"href\":\"/np/categories/501462\",\"data-el\":\"health\",\"children\":\"유산소\"}]}],[\"$\",\"li\",\"2\",{\"children\":[\"$\",\"a\",null,{\"href\":\"/np/categories/501469\",\"data-el\":\"health\",\"children\":\"근력\"}]}],[\"$\",\"li\",\"3\",{\"children\":[\"$\",\"a\",null,{\"href\":\"/np/categories/501478\",\"data-el\":\"health\",\"children\":\"보호대/체중계\"}]}]]}]]}],[\"$\",\"li\",\"13\",{\"children\":[[\"$\",\"a\",null,{\"href\":\"/np/categories/334193\",\"data-el\":\"health\",\"children\":[\"헬스/요가용품\",[\"$\",\"i\",null,{\"className\":\"si\"}]]}],[\"$\",\"ul\",null,{\"className\":\"tdl\",\"children\":[[\"$\",\"li\",\"0\",{\"children\":[\"$\",\"a\",null,{\"href\":\"/np/categories/334194\",\"data-el\":\"health\",\"children\":\"요가/필라테스\"}]}],[\"$\",\"li\",\"1\",{\"children\":[\"$\",\"a\",null,{\"href\":\"/np/categories/334208\",\"data-el\":\"health\",\"children\":\"근력운동\"}]}],[\"$\",\"li\",\"2\",{\"children\":[\"$\",\"a\",null,{\"href\":\"/np/categories/334236\",\"data-el\":\"health\",\"children\":\"유산소운동\"}]}],[\"$\",\"li\",\"3\",{\"children\":[\"$\",\"a\",null,{\"href\":\"/np/categories/334251\",\"data-el\":\"health\",\"children\":\"스트레칭/균형\"}]}],[\"$\",\"li\",\"4\",{\"children\":[\"$\",\"a\",null,{\"href\":\"/np/categories/334259\",\"data-el\":\"health\",\"children\":\"헬스소품/보호대\"}]}],[\"$\",\"li\",\"5\",{\"children\":[\"$\",\"a\",null,{\"href\":\"/np/categories/334270\",\"data-el\":\"health\",\"children\":\"운동측정용품\"}]}],[\"$\",\"li\",\"6\",{\"children\":[\"$\",\"a\",null,{\"href\":\"/np/categories/376551\",\"data-el\":\"health\",\"children\":\"부위별 운동용품\"}]}]]}]]}],[\"$\",\"li\",\"14\",{\"children\":[[\"$\",\"a\",null,{\"href\":\"/np/categories/310834\",\"data-el\":\"health\",\"children\":[\"건강가전\",[\"$\",\"i\",null,{\"className\":\"si\"}]]}],[\"$\",\"ul\",null,{\"className\":\"tdl\",\"children\":[[\"$\",\"li\",\"0\",{\"children\":[\"$\",\"a\",null,{\"href\":\"/np/categories/310835\",\"data-el\":\"health\",\"children\":\"안마/찜질기\"}]}],[\"$\",\"li\",\"1\",{\"children\":[\"$\",\"a\",null,{\"href\":\"/np/categories/501485\",\"data-el\":\"health\",\"children\":\"공기청정기/가습기\"}]}],[\"$\",\"li\",\"2\",{\"children\":[\"$\",\"a\",null,{\"href\":\"/np/categories/310850\",\"data-el\":\"health\",\"children\":\"손소독/살균기\"}]}],[\"$\",\"li\",\"3\",{\"children\":[\"$\",\"a\",null,{\"href\":\"/np/categories/310841\",\"data-el\":\"health\",\"children\":\"전동칫솔/살균기\"}]}],[\"$\",\"li\",\"4\",{\"children\":[\"$\",\"a\",null,{\"href\":\"/np/categories/310846\",\"data-el\":\"health\",\"children\":\"비데\"}]}]]}]]}],[\"$\",\"li\",\"15\",{\"children\":[[\"$\",\"a\",null,{\"href\":\"/np/categories/310856\",\"data-el\":\"health\",\"children\":[\"건강도서\",[\"$\",\"i\",null,{\"className\":\"si\"}]]}],[\"$\",\"ul\",null,{\"className\":\"tdl\",\"children\":[[\"$\",\"li\",\"0\",{\"children\":[\"$\",\"a\",null,{\"href\":\"/np/categories/310857\",\"data-el\":\"health\",\"children\":\"다이어트\"}]}],[\"$\",\"li\",\"1\",{\"children\":[\"$\",\"a\",null,{\"href\":\"/np/categories/310858\",\"data-el\":\"health\",\"children\":\"요가/체조/기타\"}]}],[\"$\",\"li\",\"2\",{\"children\":[\"$\",\"a\",null,{\"href\":\"/np/categories/310860\",\"data-el\":\"health\",\"children\":\"한의학/한방치료\"}]}],[\"$\",\"li\",\"3\",{\"children\":[\"$\",\"a\",null,{\"href\":\"/np/categories/310861\",\"data-el\":\"health\",\"children\":\"건강에세이\"}]}],[\"$\",\"li\",\"4\",{\"children\":[\"$\",\"a\",null,{\"href\":\"/np/categories/310862\",\"data-el\":\"health\",\"children\":\"건강/다이어트요리\"}]}],[\"$\",\"li\",\"5\",{\"children\":[\"$\",\"a\",null,{\"href\":\"/np/categories/310863\",\"data-el\":\"health\",\"children\":\"해외건강도서\"}]}]]}]]}],[\"$\",\"li\",\"16\",{\"className\":\"mc\",\"children\":[\"$\",\"a\",null,{\"href\":\"/np/categories/310885\",\"children\":\"더보기\"}]}]]}],[\"$\",\"span\",null,{\"className\":\"gnb-banner\",\"style\":{\"background\":\"#FFF\"},\"data-sentry-component\":\"Banner\",\"data-sentry-source-file\":\"Banner.tsx\",\"children\":[[\"$\",\"a\",null,{\"href\":\"https://www.coupang.com/np/siteWideEvent?mlpPageId=1381\",\"title\":\"헬스/건강식품\",\"data-el\":\"health\",\"children\":\"헬스/건강식품\"}],[\"$\",\"img\",null,{\"loading\":\"lazy\",\"alt\":\"헬스/건강식품\",\"src\":\"https://image7.coupangcdn.com/image/displayitem/displayitem_0693b0b4-1879-46ec-871e-2700d8ba9e0c.jpg\"}]]}]]}]]}]]}],[\"$\",\"div\",null,{\"className\":\"fw-hidden\",\"children\":\"티켓\"}],[\"$\",\"ul\",null,{\"className\":\"menu ticket-menu-list fd\",\"children\":[[\"$\",\"li\",null,{\"className\":\"travel-leisure\",\"data-sentry-component\":\"Travel\",\"data-sentry-source-file\":\"Travel.tsx\",\"children\":[[\"$\",\"a\",null,{\"href\":\"https://trip.coupang.com?channel=category\",\"children\":[\"여행/티켓\",[\"$\",\"i\",null,{\"className\":\"in\"}],[\"$\",\"i\",null,{\"className\":\"si\"}]]}],[\"$\",\"div\",null,{\"className\":\"depth\",\"children\":[[\"$\",\"div\",null,{\"className\":\"travel-category-nav\",\"children\":[[\"$\",\"a\",null,{\"href\":\"https://trip.coupang.com?channel=category\",\"className\":\"travel-home\",\"children\":\"여행 홈 바로가기\"}],[[\"$\",\"$1\",\"0\",{\"children\":[[\"$\",\"p\",null,{\"className\":\"travel-leisure\",\"children\":\"국내여행\"}],[\"$\",\"ul\",null,{\"className\":\"travel-sdl sdl\",\"children\":[[\"$\",\"li\",\"0\",{\"children\":[[\"$\",\"a\",null,{\"href\":\"/np/categories/396467\",\"data-el\":\"Tickets _passes\",\"children\":[\"티켓/패스\",[\"$\",\"i\",null,{\"className\":\"si\"}]]}],[\"$\",\"ul\",null,{\"className\":\"travel-tdl tdl\",\"children\":[[\"$\",\"li\",\"0\",{\"children\":[\"$\",\"a\",null,{\"href\":\"/np/categories/396471\",\"data-el\":\"Themepark\",\"children\":\"테마파크\"}]}],[\"$\",\"li\",\"1\",{\"children\":[\"$\",\"a\",null,{\"href\":\"/np/categories/396478\",\"data-el\":\"Hotel_Buffet\",\"children\":\"E쿠폰/호텔뷔페\"}]}],[\"$\",\"li\",\"2\",{\"children\":[\"$\",\"a\",null,{\"href\":\"/np/categories/396472\",\"data-el\":\"Waterpark\",\"children\":\"워터파크/스파\"}]}],[\"$\",\"li\",\"3\",{\"children\":[\"$\",\"a\",null,{\"href\":\"/np/categories/396473\",\"data-el\":\"Kids_Experience\",\"children\":\"키즈파크/키즈체험\"}]}],[\"$\",\"li\",\"4\",{\"children\":[\"$\",\"a\",null,{\"href\":\"/np/categories/487364\",\"data-el\":\"Activity_Travel\",\"children\":\"액티비티/레저\"}]}],[\"$\",\"li\",\"5\",{\"children\":[\"$\",\"a\",null,{\"href\":\"/np/categories/396477\",\"data-el\":\"Culture\",\"children\":\"공연/전시\"}]}],[\"$\",\"li\",\"6\",{\"children\":[\"$\",\"a\",null,{\"href\":\"/np/categories/396476\",\"data-el\":\"Cruise_Yacht\",\"children\":\"유람선/요트/승선권\"}]}],[\"$\",\"li\",\"7\",{\"children\":[\"$\",\"a\",null,{\"href\":\"/np/categories/487366\",\"data-el\":\"Experience_Travel\",\"children\":\"체험/원데이클래스\"}]}],[\"$\",\"li\",\"8\",{\"children\":[\"$\",\"a\",null,{\"href\":\"/np/categories/396475\",\"data-el\":\"Jeju_Tickets\",\"children\":\"제주관광지\"}]}],[\"$\",\"li\",\"9\",{\"children\":[\"$\",\"a\",null,{\"href\":\"/np/categories/487365\",\"data-el\":\"Golf_Travel\",\"children\":\"골프\"}]}],[\"$\",\"li\",\"10\",{\"children\":[\"$\",\"a\",null,{\"href\":\"/np/categories/487367\",\"data-el\":\"ThemeCafe_Travel\",\"children\":\"테마카페/여행편의\"}]}]]}]]}],[\"$\",\"li\",\"1\",{\"children\":[[\"$\",\"a\",null,{\"href\":\"/np/categories/396466\",\"data-el\":\"Travel-Domestic\",\"children\":[\"호텔/리조트\",null]}],false]}],[\"$\",\"li\",\"2\",{\"children\":[[\"$\",\"a\",null,{\"href\":\"/np/categories/396465\",\"data-el\":\"Travel-Domestic\",\"children\":[\"펜션/캠핑\",null]}],false]}],[\"$\",\"li\",\"3\",{\"children\":[[\"$\",\"a\",null,{\"href\":\"/np/categories/396470\",\"data-el\":\"Domestic_Package\",\"children\":[\"패키지여행/항공\",[\"$\",\"i\",null,{\"className\":\"si\"}]]}],[\"$\",\"ul\",null,{\"className\":\"travel-tdl tdl\",\"children\":[[\"$\",\"li\",\"0\",{\"children\":[\"$\",\"a\",null,{\"href\":\"/np/categories/396482\",\"data-el\":\"Airline_Round_trip\",\"children\":\"제주항공권\"}]}],[\"$\",\"li\",\"1\",{\"children\":[\"$\",\"a\",null,{\"href\":\"/np/categories/396483\",\"data-el\":\"Package_Jeju\",\"children\":\"제주여행\"}]}],[\"$\",\"li\",\"2\",{\"children\":[\"$\",\"a\",null,{\"href\":\"/np/categories/396484\",\"data-el\":\"Package_Inland_bus\",\"children\":\"내륙버스여행\"}]}],[\"$\",\"li\",\"3\",{\"children\":[\"$\",\"a\",null,{\"href\":\"/np/categories/396485\",\"data-el\":\"Package_train\",\"children\":\"내륙기차여행\"}]}],[\"$\",\"li\",\"4\",{\"children\":[\"$\",\"a\",null,{\"href\":\"/np/categories/396486\",\"data-el\":\"Island_trip\",\"children\":\"섬여행\"}]}],[\"$\",\"li\",\"5\",{\"children\":[\"$\",\"a\",null,{\"href\":\"/np/categories/397386\",\"data-el\":\"Package_self\",\"children\":\"내륙자유여행\"}]}]]}]]}],[\"$\",\"li\",\"4\",{\"children\":[[\"$\",\"a\",null,{\"href\":\"/np/categories/396468\",\"data-el\":\"Car_rental\",\"children\":[\"렌터카\",[\"$\",\"i\",null,{\"className\":\"si\"}]]}],[\"$\",\"ul\",null,{\"className\":\"travel-tdl tdl\",\"children\":[[\"$\",\"li\",\"0\",{\"children\":[\"$\",\"a\",null,{\"href\":\"/np/categories/396479\",\"data-el\":\"rentalcar\",\"children\":\"제주\"}]}],[\"$\",\"li\",\"1\",{\"children\":[\"$\",\"a\",null,{\"href\":\"/np/categories/396519\",\"data-el\":\"Car_rental_National\",\"children\":\"부산\"}]}],[\"$\",\"li\",\"2\",{\"children\":[\"$\",\"a\",null,{\"href\":\"/np/categories/396512\",\"data-el\":\"Car_rental_National\",\"children\":\"서울\"}]}],[\"$\",\"li\",\"3\",{\"children\":[\"$\",\"a\",null,{\"href\":\"/np/categories/397383\",\"data-el\":\"Car_rental_National\",\"children\":\"광주\"}]}],[\"$\",\"li\",\"4\",{\"children\":[\"$\",\"a\",null,{\"href\":\"/np/categories/396514\",\"data-el\":\"Car_rental_National\",\"children\":\"경기\"}]}],[\"$\",\"li\",\"5\",{\"children\":[\"$\",\"a\",null,{\"href\":\"/np/categories/396515\",\"data-el\":\"Car_rental_National\",\"children\":\"강원\"}]}],[\"$\",\"li\",\"6\",{\"children\":[\"$\",\"a\",null,{\"href\":\"/np/categories/396480\",\"data-el\":\"Car_rental_National\",\"children\":\"전국 렌터카\"}]}]]}]]}]]}]]}],[\"$\",\"$1\",\"1\",{\"children\":[[\"$\",\"p\",null,{\"className\":\"travel-international\",\"children\":\"해외여행\"}],[\"$\",\"ul\",null,{\"className\":\"travel-sdl sdl\",\"children\":[[\"$\",\"li\",\"0\",{\"children\":[[\"$\",\"a\",null,{\"href\":\"/np/categories/396554\",\"data-el\":\"Overseas_Package\",\"children\":[\"패키지여행\",[\"$\",\"i\",null,{\"className\":\"si\"}]]}],[\"$\",\"ul\",null,{\"className\":\"travel-tdl tdl\",\"children\":[[\"$\",\"li\",\"0\",{\"children\":[\"$\",\"a\",null,{\"href\":\"/np/categories/396560\",\"data-el\":\"Package_Japan\",\"children\":\"일본\"}]}],[\"$\",\"li\",\"1\",{\"children\":[\"$\",\"a\",null,{\"href\":\"/np/categories/396559\",\"data-el\":\"Package_SouthEastAsia\",\"children\":\"동남아시아/방콕/싱가포르\"}]}],[\"$\",\"li\",\"2\",{\"children\":[\"$\",\"a\",null,{\"href\":\"/np/categories/396563\",\"data-el\":\"Package_South_Pacific\",\"children\":\"괌/사이판/호주\"}]}],[\"$\",\"li\",\"3\",{\"children\":[\"$\",\"a\",null,{\"href\":\"/np/categories/396565\",\"data-el\":\"Package_Europe\",\"children\":\"유럽\"}]}],[\"$\",\"li\",\"4\",{\"children\":[\"$\",\"a\",null,{\"href\":\"/np/categories/396562\",\"data-el\":\"Package_THM\",\"children\":\"대만/홍콩/마카오\"}]}],[\"$\",\"li\",\"5\",{\"children\":[\"$\",\"a\",null,{\"href\":\"/np/categories/396564\",\"data-el\":\"Package_Americas\",\"children\":\"미주/기타\"}]}],[\"$\",\"li\",\"6\",{\"children\":[\"$\",\"a\",null,{\"href\":\"/np/categories/396561\",\"data-el\":\"Package_China\",\"children\":\"중국\"}]}]]}]]}],[\"$\",\"li\",\"1\",{\"children\":[[\"$\",\"a\",null,{\"href\":\"/np/categories/396555\",\"data-el\":\"Overseas_FIT\",\"children\":[\"자유여행/항공\",[\"$\",\"i\",null,{\"className\":\"si\"}]]}],[\"$\",\"ul\",null,{\"className\":\"travel-tdl tdl\",\"children\":[[\"$\",\"li\",\"0\",{\"children\":[\"$\",\"a\",null,{\"href\":\"/np/categories/396567\",\"data-el\":\"FIT_Japan\",\"children\":\"일본\"}]}],[\"$\",\"li\",\"1\",{\"children\":[\"$\",\"a\",null,{\"href\":\"/np/categories/396566\",\"data-el\":\"FIT_SouthEast_Asia\",\"children\":\"동남아시아/방콕/싱가포르\"}]}],[\"$\",\"li\",\"2\",{\"children\":[\"$\",\"a\",null,{\"href\":\"/np/categories/396570\",\"data-el\":\"FIT_South_Pacific\",\"children\":\"괌/사이판/호주\"}]}],[\"$\",\"li\",\"3\",{\"children\":[\"$\",\"a\",null,{\"href\":\"/np/categories/396571\",\"data-el\":\"FIT_EAH\",\"children\":\"유럽/미주/하와이\"}]}],[\"$\",\"li\",\"4\",{\"children\":[\"$\",\"a\",null,{\"href\":\"/np/categories/396569\",\"data-el\":\"FIT_THM\",\"children\":\"대만/홍콩/마카오\"}]}],[\"$\",\"li\",\"5\",{\"children\":[\"$\",\"a\",null,{\"href\":\"/np/categories/396581\",\"data-el\":\"Airline_Recommened\",\"children\":\"추천 항공권\"}]}]]}]]}],[\"$\",\"li\",\"2\",{\"children\":[[\"$\",\"a\",null,{\"href\":\"/np/categories/396556\",\"data-el\":\"Overseas_Ticket\",\"children\":[\"티켓/패스/현지투어\",[\"$\",\"i\",null,{\"className\":\"si\"}]]}],[\"$\",\"ul\",null,{\"className\":\"travel-tdl tdl\",\"children\":[[\"$\",\"li\",\"0\",{\"children\":[\"$\",\"a\",null,{\"href\":\"/np/categories/396573\",\"data-el\":\"Ticket_Japan\",\"children\":\"일본\"}]}],[\"$\",\"li\",\"1\",{\"children\":[\"$\",\"a\",null,{\"href\":\"/np/categories/396576\",\"data-el\":\"Ticket_SouthEast_Asia\",\"children\":\"동남아시아/방콕/싱가포르\"}]}],[\"$\",\"li\",\"2\",{\"children\":[\"$\",\"a\",null,{\"href\":\"/np/categories/396577\",\"data-el\":\"Ticket_South_Pacific\",\"children\":\"괌/사이판/호주\"}]}],[\"$\",\"li\",\"3\",{\"children\":[\"$\",\"a\",null,{\"href\":\"/np/categories/396579\",\"data-el\":\"Ticket_Europe\",\"children\":\"유럽\"}]}],[\"$\",\"li\",\"4\",{\"children\":[\"$\",\"a\",null,{\"href\":\"/np/categories/396578\",\"data-el\":\"Ticket_Americas_Hawaii\",\"children\":\"미주/하와이\"}]}],[\"$\",\"li\",\"5\",{\"children\":[\"$\",\"a\",null,{\"href\":\"/np/categories/396575\",\"data-el\":\"Ticket_Taiwan\",\"children\":\"대만\"}]}],[\"$\",\"li\",\"6\",{\"children\":[\"$\",\"a\",null,{\"href\":\"/np/categories/396574\",\"data-el\":\"Ticket_CHM\",\"children\":\"홍콩/중국/마카오\"}]}]]}]]}],[\"$\",\"li\",\"3\",{\"children\":[[\"$\",\"a\",null,{\"href\":\"/np/categories/396558\",\"data-el\":\"Overseas_Hotel\",\"children\":[\"호텔\",null]}],false]}],[\"$\",\"li\",\"4\",{\"children\":[[\"$\",\"a\",null,{\"href\":\"/np/categories/396580\",\"data-el\":\"Onlinetour-airticket\",\"children\":[\"실시간항공권\",null]}],false]}]]}]]}]]]}],[\"$\",\"span\",null,{\"className\":\"gnb-banner\",\"style\":{\"background\":\"#FFF\"},\"data-sentry-component\":\"Banner\",\"data-sentry-source-file\":\"Banner.tsx\",\"children\":[[\"$\",\"a\",null,{\"href\":\"https://pages.coupang.com/p/145121\",\"title\":\"국내여행\",\"data-el\":\"Travel-Domestic\",\"children\":\"국내여행\"}],[\"$\",\"img\",null,{\"loading\":\"lazy\",\"alt\":\"국내여행\",\"src\":\"https://image6.coupangcdn.com/image/displayitem/displayitem_00da896c-2a7c-4db7-b4e6-f8828ceb6021.jpg\"}]]}]]}]]}],[]]}],[\"$\",\"div\",null,{\"className\":\"fw-hidden\",\"children\":\"테마관\"}],[\"$\",\"ul\",null,{\"className\":\"menu theme-menu-list menu-divider fd\",\"data-sentry-component\":\"ThemeCategory\",\"data-sentry-source-file\":\"ThemeCategory.tsx\",\"children\":[\"$\",\"li\",null,{\"className\":\"theme-store\",\"children\":[[\"$\",\"a\",null,{\"className\":\"fw-cursor-pointer\",\"children\":[\"테마관\",[\"$\",\"i\",null,{\"className\":\"in\"}],[\"$\",\"i\",null,{\"className\":\"si\"}]]}],[\"$\",\"div\",null,{\"className\":\"depth\",\"children\":[[\"$\",\"ul\",null,{\"className\":\"sdl\",\"children\":[[\"$\",\"li\",\"0\",{\"children\":[[\"$\",\"a\",null,{\"href\":\"/np/campaigns/18530\",\"children\":[\"R.LUX\",\" \",null,\" \",null]}],false]}],[\"$\",\"li\",\"1\",{\"children\":[[\"$\",\"a\",null,{\"href\":\"/np/campaigns/3884\",\"children\":[\"로켓설치\",\" \",null,\" \",null]}],false]}],[\"$\",\"li\",\"2\",{\"children\":[[\"$\",\"a\",null,{\"href\":\"/np/campaigns/2318\",\"children\":[\"공간별 집꾸미기\",\" \",null,\" \",null]}],false]}],[\"$\",\"li\",\"3\",{\"children\":[[\"$\",\"a\",null,{\"href\":\"/np/campaigns/13570\",\"children\":[\"헬스케어 전문관\",\" \",null,\" \",null]}],false]}],[\"$\",\"li\",\"4\",{\"children\":[[\"$\",\"a\",null,{\"href\":\"/np/campaigns/1440\",\"children\":[\"쿠팡 Only\",\" \",null,\" \",null]}],false]}],[\"$\",\"li\",\"5\",{\"children\":[[\"$\",\"a\",null,{\"href\":\"/np/categories/433784\",\"children\":[\"싱글라이프\",\" \",null,\" \",[\"$\",\"i\",null,{\"className\":\"si\"}]]}],[\"$\",\"ul\",null,{\"className\":\"tdl\",\"children\":[[\"$\",\"li\",\"0\",{\"children\":[\"$\",\"a\",null,{\"href\":\"/np/categories/433785\",\"children\":\"청소기/소형가전\"}]}],[\"$\",\"li\",\"1\",{\"children\":[\"$\",\"a\",null,{\"href\":\"/np/categories/433797\",\"children\":\"세제/화장지\"}]}],[\"$\",\"li\",\"2\",{\"children\":[\"$\",\"a\",null,{\"href\":\"/np/categories/433841\",\"children\":\"샤워/세안\"}]}],[\"$\",\"li\",\"3\",{\"children\":[\"$\",\"a\",null,{\"href\":\"/np/categories/433870\",\"children\":\"세탁/청소용품\"}]}],[\"$\",\"li\",\"4\",{\"children\":[\"$\",\"a\",null,{\"href\":\"/np/categories/433889\",\"children\":\"방범/호신용품\"}]}],[\"$\",\"li\",\"5\",{\"children\":[\"$\",\"a\",null,{\"href\":\"/np/categories/433907\",\"children\":\"샐러드/시리얼\"}]}],[\"$\",\"li\",\"6\",{\"children\":[\"$\",\"a\",null,{\"href\":\"/np/categories/433973\",\"children\":\"즉석식품/라면\"}]}],[\"$\",\"li\",\"7\",{\"children\":[\"$\",\"a\",null,{\"href\":\"/np/categories/434014\",\"children\":\"반찬/간편조리식품\"}]}],[\"$\",\"li\",\"8\",{\"children\":[\"$\",\"a\",null,{\"href\":\"/np/categories/434162\",\"children\":\"간식/베이커리\"}]}]]}]]}],[\"$\",\"li\",\"6\",{\"children\":[[\"$\",\"a\",null,{\"href\":\"/np/campaigns/11354\",\"children\":[\"악기전문관\",\" \",null,\" \",null]}],false]}],[\"$\",\"li\",\"7\",{\"children\":[[\"$\",\"a\",null,{\"href\":\"/np/categories/416130\",\"children\":[\"결혼준비\",\" \",null,\" \",[\"$\",\"i\",null,{\"className\":\"si\"}]]}],[\"$\",\"ul\",null,{\"className\":\"tdl\",\"children\":[[\"$\",\"li\",\"0\",{\"children\":[\"$\",\"a\",null,{\"href\":\"/np/categories/416131\",\"children\":\"가전\"}]}],[\"$\",\"li\",\"1\",{\"children\":[\"$\",\"a\",null,{\"href\":\"/np/categories/416248\",\"children\":\"가구/침구\"}]}],[\"$\",\"li\",\"2\",{\"children\":[\"$\",\"a\",null,{\"href\":\"/np/categories/416452\",\"children\":\"주방용품\"}]}],[\"$\",\"li\",\"3\",{\"children\":[\"$\",\"a\",null,{\"href\":\"/np/categories/416709\",\"children\":\"인테리어/소품\"}]}],[\"$\",\"li\",\"4\",{\"children\":[\"$\",\"a\",null,{\"href\":\"/np/categories/417087\",\"children\":\"웨딩촬영\"}]}],[\"$\",\"li\",\"5\",{\"children\":[\"$\",\"a\",null,{\"href\":\"/np/categories/417095\",\"children\":\"이벤트용품\"}]}],[\"$\",\"li\",\"6\",{\"children\":[\"$\",\"a\",null,{\"href\":\"/np/categories/417142\",\"children\":\"웨딩케어\"}]}]]}]]}],[\"$\",\"li\",\"8\",{\"children\":[[\"$\",\"a\",null,{\"href\":\"/np/categories/410273\",\"children\":[\"아트/공예\",\" \",null,\" \",[\"$\",\"i\",null,{\"className\":\"si\"}]]}],[\"$\",\"ul\",null,{\"className\":\"tdl\",\"children\":[[\"$\",\"li\",\"0\",{\"children\":[\"$\",\"a\",null,{\"href\":\"/np/categories/410274\",\"children\":\"미술/화방용품\"}]}],[\"$\",\"li\",\"1\",{\"children\":[\"$\",\"a\",null,{\"href\":\"/np/categories/410506\",\"children\":\"DIY소품만들기\"}]}],[\"$\",\"li\",\"2\",{\"children\":[\"$\",\"a\",null,{\"href\":\"/np/categories/410798\",\"children\":\"손뜨개/자수\"}]}],[\"$\",\"li\",\"3\",{\"children\":[\"$\",\"a\",null,{\"href\":\"/np/categories/410837\",\"children\":\"옷만들기/미싱\"}]}],[\"$\",\"li\",\"4\",{\"children\":[\"$\",\"a\",null,{\"href\":\"/np/categories/410924\",\"children\":\"데코/포장용품\"}]}],[\"$\",\"li\",\"5\",{\"children\":[\"$\",\"a\",null,{\"href\":\"/np/categories/410975\",\"children\":\"파티/이벤트\"}]}],[\"$\",\"li\",\"6\",{\"children\":[\"$\",\"a\",null,{\"href\":\"/np/categories/411023\",\"children\":\"미술/DIY도서\"}]}],[\"$\",\"li\",\"7\",{\"children\":[\"$\",\"a\",null,{\"href\":\"/np/categories/411038\",\"children\":\"정리/수납용품\"}]}]]}]]}],[\"$\",\"li\",\"9\",{\"children\":[[\"$\",\"a\",null,{\"href\":\"/np/campaigns/17593\",\"children\":[\"미세먼지용품\",\" \",null,\" \",null]}],false]}],[\"$\",\"li\",\"10\",{\"children\":[[\"$\",\"a\",null,{\"href\":\"/np/categories/316168\",\"children\":[\"홈카페\",\" \",null,\" \",[\"$\",\"i\",null,{\"className\":\"si\"}]]}],[\"$\",\"ul\",null,{\"className\":\"tdl\",\"children\":[[\"$\",\"li\",\"0\",{\"children\":[\"$\",\"a\",null,{\"href\":\"/np/categories/316169\",\"children\":\"원두/커피\"}]}],[\"$\",\"li\",\"1\",{\"children\":[\"$\",\"a\",null,{\"href\":\"/np/categories/488176\",\"children\":\"커피믹스\"}]}],[\"$\",\"li\",\"2\",{\"children\":[\"$\",\"a\",null,{\"href\":\"/np/categories/411234\",\"children\":\"차/티백\"}]}],[\"$\",\"li\",\"3\",{\"children\":[\"$\",\"a\",null,{\"href\":\"/np/categories/316179\",\"children\":\"카페시럽\"}]}],[\"$\",\"li\",\"4\",{\"children\":[\"$\",\"a\",null,{\"href\":\"/np/categories/316199\",\"children\":\"커피머신/커피메이커\"}]}],[\"$\",\"li\",\"5\",{\"children\":[\"$\",\"a\",null,{\"href\":\"/np/categories/411299\",\"children\":\"티포트/전기포트\"}]}],[\"$\",\"li\",\"6\",{\"children\":[\"$\",\"a\",null,{\"href\":\"/np/categories/411304\",\"children\":\"제빙기/블렌더\"}]}],[\"$\",\"li\",\"7\",{\"children\":[\"$\",\"a\",null,{\"href\":\"/np/categories/411313\",\"children\":\"로스터/그라인더\"}]}],[\"$\",\"li\",\"8\",{\"children\":[\"$\",\"a\",null,{\"href\":\"/np/categories/411316\",\"children\":\"커피머신 액세서리\"}]}],[\"$\",\"li\",\"9\",{\"children\":[\"$\",\"a\",null,{\"href\":\"/np/categories/411322\",\"children\":\"드립커피용품\"}]}],[\"$\",\"li\",\"10\",{\"children\":[\"$\",\"a\",null,{\"href\":\"/np/categories/411328\",\"children\":\"라떼용품\"}]}],[\"$\",\"li\",\"11\",{\"children\":[\"$\",\"a\",null,{\"href\":\"/np/categories/411332\",\"children\":\"티용품\"}]}],[\"$\",\"li\",\"12\",{\"children\":[\"$\",\"a\",null,{\"href\":\"/np/categories/316206\",\"children\":\"컵/잔/텀블러\"}]}],[\"$\",\"li\",\"13\",{\"className\":\"mc\",\"children\":[\"$\",\"a\",null,{\"href\":\"/np/categories/411345\",\"children\":\"더보기\"}]}]]}]]}],[\"$\",\"li\",\"11\",{\"children\":[[\"$\",\"a\",null,{\"href\":\"/np/categories/383370\",\"children\":[\"실버스토어\",\" \",null,\" \",[\"$\",\"i\",null,{\"className\":\"si\"}]]}],[\"$\",\"ul\",null,{\"className\":\"tdl\",\"children\":[[\"$\",\"li\",\"0\",{\"children\":[\"$\",\"a\",null,{\"href\":\"/np/categories/383371\",\"children\":\"활동보조\"}]}],[\"$\",\"li\",\"1\",{\"children\":[\"$\",\"a\",null,{\"href\":\"/np/categories/383377\",\"children\":\"위생/변기용품\"}]}],[\"$\",\"li\",\"2\",{\"children\":[\"$\",\"a\",null,{\"href\":\"/np/categories/383391\",\"children\":\"목욕보조\"}]}],[\"$\",\"li\",\"3\",{\"children\":[\"$\",\"a\",null,{\"href\":\"/np/categories/383404\",\"children\":\"건강관리\"}]}],[\"$\",\"li\",\"4\",{\"children\":[\"$\",\"a\",null,{\"href\":\"/np/categories/383454\",\"children\":\"재활/운동기구\"}]}],[\"$\",\"li\",\"5\",{\"children\":[\"$\",\"a\",null,{\"href\":\"/np/categories/383472\",\"children\":\"간병/보조용품\"}]}],[\"$\",\"li\",\"6\",{\"children\":[\"$\",\"a\",null,{\"href\":\"/np/categories/383482\",\"children\":\"병원/의료용품\"}]}],[\"$\",\"li\",\"7\",{\"children\":[\"$\",\"a\",null,{\"href\":\"/np/categories/383492\",\"children\":\"생활편의\"}]}],[\"$\",\"li\",\"8\",{\"children\":[\"$\",\"a\",null,{\"href\":\"/np/categories/383497\",\"children\":\"의류/신발\"}]}],[\"$\",\"li\",\"9\",{\"children\":[\"$\",\"a\",null,{\"href\":\"/np/categories/383506\",\"children\":\"온수/전기매트\"}]}],[\"$\",\"li\",\"10\",{\"children\":[\"$\",\"a\",null,{\"href\":\"/np/categories/383573\",\"children\":\"환자식/건강식품\"}]}],[\"$\",\"li\",\"11\",{\"children\":[\"$\",\"a\",null,{\"href\":\"/np/categories/383615\",\"children\":\"안전용품\"}]}],[\"$\",\"li\",\"12\",{\"children\":[\"$\",\"a\",null,{\"href\":\"/np/categories/383619\",\"children\":\"식사관련용품\"}]}]]}]]}],[\"$\",\"li\",\"12\",{\"children\":[[\"$\",\"a\",null,{\"href\":\"/np/campaigns/17993\",\"children\":[\"로켓펫닥터\",\" \",null,\" \",null]}],false]}]]}],null]}]]}]}],[\"$\",\"ul\",null,{\"className\":\"menu ingress-menu-list fd\",\"children\":[\"$\",\"li\",null,{\"className\":\"ingress-point\",\"children\":[\"$\",\"a\",null,{\"href\":\"https://wing.coupang.com/tenants/vendor-signup/signup?utm_source=button_pc_coupang_app_category_3\u0026utm_medium=non_paid\u0026utm_id=onsite_ca\u0026utm_content=20240328\",\"data-el\":\"seller_signup\",\"children\":\"입점/판매 신청\"}]}]}],null]}],[\"$\",\"div\",null,{\"className\":\"fw-absolute fw-left-0 fw-top-[114px] fw-z-10 fw-hidden fw-w-[220px] fw-overflow-auto fw-bg-white fw-shadow-md\",\"id\":\"wa-mobile-category\",\"style\":{\"zIndex\":9999},\"data-sentry-component\":\"MobileCategory\",\"data-sentry-source-file\":\"MobileCategory.tsx\",\"children\":[[\"$\",\"div\",null,{\"id\":\"wa-mobile-category-language\"}],[\"$\",\"div\",null,{\"id\":\"wa-category-list-wrap\"}],[\"$\",\"div\",null,{\"id\":\"wa-mobile-category-app-links\"}]]}]]]}],[\"$\",\"div\",null,{\"className\":\"fw-flex fw-flex-1 fw-flex-col max-s1024:fw-h-[48px]\",\"children\":[[\"$\",\"div\",null,{\"className\":\"fw-ml-[16px] fw-flex fw-items-center fw-justify-between max-s1024:fw-h-[48px] s1024:fw-ml-[30px] s1024:fw-mt-[20px]\",\"children\":[[\"$\",\"a\",null,{\"href\":\"https://www.coupang.com\",\"className\":\"fw-mr-[25px] fw-inline-block fw-flex-none\",\"children\":[\"$\",\"img\",null,{\"loading\":\"lazy\",\"className\":\"fw-h-[23px] fw-w-[101px] s1024:fw-h-[36px] s1024:fw-w-[154px]\",\"src\":\"//image7.coupangcdn.com/image/coupang/common/logo_coupang_w350.png\",\"alt\":\"Coupang\"}]}],[\"$\",\"form\",null,{\"id\":\"wa-search-form\",\"action\":\"/np/search\",\"className\":\"product-search search-form fw-flex fw-flex-1 fw-items-center fw-border-0 fw-hidden s1024:fw-flex fw-border-2\",\"data-sentry-component\":\"Search\",\"data-sentry-source-file\":\"Search.tsx\",\"children\":[[\"$\",\"div\",null,{\"className\":\"select--category fw-w-[90px] s500:fw-w-[135px]\",\"children\":[[\"$\",\"span\",null,{\"className\":\"select--category--button\"}],[\"$\",\"a\",null,{\"className\":\"select--category__current\",\"id\":\"currentCategoryText\",\"children\":\"전체\"}]]}],[\"$\",\"div\",null,{\"className\":\"header-searchForm fw-relative fw-flex-1\",\"children\":[[\"$\",\"input\",null,{\"type\":\"text\",\"defaultValue\":\"일본과자\",\"maxLength\":49,\"placeholder\":\"찾고 싶은 상품을 검색해보세요!\",\"className\":\"headerSearchKeyword coupang-search fw-h-full fw-w-full fw-bg-white fw-indent-[10px] fw-text-[14px] fw-outline-none\",\"name\":\"q\",\"title\":\"쿠팡 상품 검색\",\"autoComplete\":\"off\"}],[\"$\",\"div\",null,{\"className\":\"headerPopupWords popularity-words\",\"style\":{\"zIndex\":9999},\"children\":[[\"$\",\"div\",null,{\"className\":\"autocomplete_wrap\"}],[\"$\",\"div\",null,{\"className\":\"history-btns\",\"children\":[[\"$\",\"span\",null,{\"className\":\"delete-all-kwdhistory del-button\",\"children\":\"전체삭제\"}],[\"$\",\"span\",null,{\"className\":\"history-on-off on\",\"children\":\"최근검색어끄기\"}]]}]]}]]}],[\"$\",\"a\",null,{\"className\":\"speech-mic fw-mr-[12px] fw-hidden fw-flex-none fw-cursor-pointer\"}],[\"$\",\"button\",null,{\"type\":\"submit\",\"className\":\"headerSearchBtn fw-mr-[12px] fw-inline-block fw-flex-none\",\"title\":\"검색\",\"children\":[\"$\",\"img\",null,{\"loading\":\"lazy\",\"alt\":\"\",\"width\":20,\"height\":21,\"src\":\"https://front.coupangcdn.com/front-web-next/_next/static/media/search.85cd3dbf.png\"}]}],[\"$\",\"input\",null,{\"type\":\"hidden\",\"name\":\"channel\",\"value\":\"user\"}]]}],[\"$\",\"ul\",null,{\"className\":\"icon-menus fw-flex\",\"data-sentry-component\":\"MyCart\",\"data-sentry-source-file\":\"MyCart.tsx\",\"children\":[[\"$\",\"li\",null,{\"className\":\"my-coupang fw-group fw-relative fw-mx-[24px] fw-flex\",\"children\":[[\"$\",\"a\",null,{\"id\":\"wa-mycoupang-link\",\"href\":\"https://mc.coupang.com/ssr/desktop/order/list\",\"data-log\":\"{ id: 'mycoupang'}\",\"children\":[[\"$\",\"img\",null,{\"loading\":\"lazy\",\"alt\":\"\",\"className\":\"fw-h-[36px] fw-w-[36px] s1024:fw-h-[44px] s1024:fw-w-[44px]\",\"src\":\"https://front.coupangcdn.com/front-web-next/_next/static/media/person.07e45e52.png\"}],[\"$\",\"div\",null,{\"className\":\"fw-hidden fw-text-center s1024:fw-block\",\"children\":\"마이쿠팡\"}]]}],[\"$\",\"p\",null,{\"className\":\"my-coupang-menu fw-top-[29px] fw-hidden group-hover:fw-block s1024:fw-top-[52px]\",\"style\":{\"zIndex\":9999},\"children\":[\"$\",\"span\",null,{\"className\":\"wrapper\",\"children\":[[\"$\",\"i\",null,{\"className\":\"arrow\"}],[\"$\",\"a\",null,{\"href\":\"https://mc.coupang.com/ssr/desktop/order/list\",\"data-log\":\"{ id: 'mycoupang_1'}\",\"children\":\"주문목록\"}],[\"$\",\"a\",null,{\"href\":\"https://mc.coupang.com/ssr/desktop/cancel-return-exchange/list\",\"data-log\":\"{ id: 'mycoupang_2'}\",\"children\":\"취소/반품\"}],[\"$\",\"a\",null,{\"href\":\"//wish-web.coupang.com/wishInitView.pang\",\"data-log\":\"{ id: 'mycoupang_4'}\",\"children\":\"찜 리스트\"}]]}]}]]}],[\"$\",\"li\",null,{\"className\":\"cart w-mr-0 fw-relative fw-flex s1024:fw-mr-[10px]\",\"id\":\"wa-cart-menu\",\"children\":[[\"$\",\"a\",null,{\"id\":\"wa-cart-link\",\"href\":\"//cart.coupang.com/cartView.pang\",\"data-log\":\"{ id: 'cart' }\",\"children\":[[\"$\",\"img\",null,{\"loading\":\"lazy\",\"src\":\"https://front.coupangcdn.com/front-web-next/_next/static/media/cart.ccef8f9e.png\",\"className\":\"fw-h-[36px] fw-w-[36px] s1024:fw-h-[44px] s1024:fw-w-[44px]\",\"alt\":\"\"}],[\"$\",\"em\",null,{\"id\":\"headerCartCount\",\"className\":\"fw-right-[-4px] fw-top-[-4px]\"}],[\"$\",\"div\",null,{\"className\":\"fw-hidden fw-text-center s1024:fw-block\",\"children\":\"장바구니\"}]]}],[\"$\",\"div\",null,{\"className\":\"fw-top-[29px] fw-hidden s1024:fw-top-[52px]\",\"style\":{\"zIndex\":9999},\"id\":\"wa-cart-preview\",\"children\":[\"$\",\"span\",null,{\"className\":\"wrapper\",\"children\":[[\"$\",\"i\",null,{\"className\":\"arrow\"}],[\"$\",\"div\",null,{\"id\":\"wa-cart-content\",\"children\":[\"$\",\"div\",null,{\"className\":\"loader-wrapper\",\"children\":[\"$\",\"span\",null,{\"className\":\"loader\"}]}]}],[\"$\",\"div\",null,{\"id\":\"wa-cart-empty\",\"children\":[\"$\",\"ul\",null,{\"children\":[\"$\",\"li\",null,{\"className\":\"empty-cart\",\"children\":\"장바구니에 담긴 상품이 없습니다.\"}]}]}],[\"$\",\"a\",null,{\"href\":\"//cart.coupang.com/cartView.pang\",\"id\":\"wa-cart-btn\",\"children\":[\"$\",\"span\",null,{\"children\":[[\"$\",\"span\",null,{\"children\":\"장바구니 전체보기\"}],[\"$\",\"i\",null,{\"className\":\"blue-arrow\"}]]}]}]]}]}]]}]]}]]}],[\"$\",\"div\",null,{\"className\":\"fw-mt-[8px] fw-hidden fw-items-center fw-justify-between s1024:fw-flex\",\"children\":[\"$\",\"div\",null,{\"id\":\"quick-category-pc\",\"className\":\" gnb-menu-container fw-hidden fw-pl-[20px] s600:fw-block\",\"data-sentry-component\":\"QuickCategory\",\"data-sentry-source-file\":\"QuickCategory.tsx\",\"children\":[[\"$\",\"a\",null,{\"className\":\"gnb-menu-btn gnb-menu-btn-left\",\"tabIndex\":0,\"children\":[\"$\",\"span\",null,{}]}],[\"$\",\"div\",null,{\"className\":\"fw-w-0\",\"children\":[\"$\",\"ul\",null,{\"className\":\"gnb-menu-scroll\",\"children\":[[\"$\",\"li\",\"0\",{\"className\":\"gnb-menu-item\",\"children\":[\"$\",\"a\",null,{\"href\":\"https://www.coupangplay.com/catalog\",\"className\":\"\",\"data-log\":\"{ id:'gnb_menu_item_GNB_V2', param:{sectionId:'coupangplay'} }\",\"target\":\"_blank\",\"children\":[[\"$\",\"img\",null,{\"loading\":\"lazy\",\"className\":\"gnb-menu-item__icon\",\"alt\":\"쿠팡플레이\",\"src\":\"https://image7.coupangcdn.com/image/coupang/home/icons/web/kr/coupang-play.png\"}],[\"$\",\"span\",null,{\"children\":\"쿠팡플레이\"}],null]}]}],[\"$\",\"li\",\"1\",{\"className\":\"gnb-menu-item\",\"children\":[\"$\",\"a\",null,{\"href\":\"https://www.coupang.com/np/campaigns/82\",\"className\":\"\",\"data-log\":\"{ id:'gnb_menu_item_GNB_V2', param:{sectionId:'rocketdelivery'} }\",\"children\":[[\"$\",\"img\",null,{\"loading\":\"lazy\",\"className\":\"gnb-menu-item__icon\",\"alt\":\"로켓배송\",\"src\":\"https://image8.coupangcdn.com/image/coupang/home/icons/web/kr/rocket-delivery.png\"}],[\"$\",\"span\",null,{\"children\":\"로켓배송\"}],null]}]}],[\"$\",\"li\",\"2\",{\"className\":\"gnb-menu-item\",\"children\":[\"$\",\"a\",null,{\"href\":\"https://www.coupang.com/np/categories/393760\",\"className\":\"\",\"data-log\":\"{ id:'gnb_menu_item_GNB_V2', param:{sectionId:'rocketfresh'} }\",\"children\":[[\"$\",\"img\",null,{\"loading\":\"lazy\",\"className\":\"gnb-menu-item__icon\",\"alt\":\"로켓프레시\",\"src\":\"https://image7.coupangcdn.com/image/coupang/home/icons/web/kr/rocket-fresh.png\"}],[\"$\",\"span\",null,{\"children\":\"로켓프레시\"}],null]}]}],[\"$\",\"li\",\"3\",{\"className\":\"gnb-menu-item\",\"children\":[\"$\",\"a\",null,{\"href\":\"https://www.coupang.com/np/fbi?sourceType=home_section_fbi\",\"className\":\"\",\"data-log\":\"{ id:'gnb_menu_item_GNB_V2', param:{sectionId:'frequent_buy_item'} }\",\"children\":[[\"$\",\"img\",null,{\"loading\":\"lazy\",\"className\":\"gnb-menu-item__icon\",\"alt\":\"다시 구매\",\"src\":\"https://image10.coupangcdn.com/image/coupang/common/fbi_icon_3x.png\"}],[\"$\",\"span\",null,{\"children\":\"다시 구매\"}],[\"$\",\"i\",null,{\"className\":\"in in-exposure\",\"data-new-tag-exposure-mills\":2592000000}]]}]}],[\"$\",\"li\",\"4\",{\"className\":\"gnb-menu-item\",\"children\":[\"$\",\"a\",null,{\"href\":\"https://login.coupang.com/corporation/member/landing-page\",\"className\":\"\",\"data-log\":\"{ id:'gnb_menu_item_GNB_V2', param:{sectionId:'businessmall_landing'} }\",\"children\":[[\"$\",\"img\",null,{\"loading\":\"lazy\",\"className\":\"gnb-menu-item__icon\",\"alt\":\"쿠팡비즈\",\"src\":\"https://image6.coupangcdn.com/image/coupang/home/icons/web/kr/biz.png\"}],[\"$\",\"span\",null,{\"children\":\"쿠팡비즈\"}],null]}]}],[\"$\",\"li\",\"5\",{\"className\":\"gnb-menu-item\",\"children\":[\"$\",\"a\",null,{\"href\":\"https://www.coupang.com/np/coupangglobal\",\"className\":\"\",\"data-log\":\"{ id:'gnb_menu_item_GNB_V2', param:{sectionId:'coupangglobal'} }\",\"children\":[[\"$\",\"img\",null,{\"loading\":\"lazy\",\"className\":\"gnb-menu-item__icon\",\"alt\":\"로켓직구\",\"src\":\"https://image10.coupangcdn.com/image/coupang/home/icons/web/kr/oversea-delivery.png\"}],[\"$\",\"span\",null,{\"children\":\"로켓직구\"}],null]}]}],[\"$\",\"li\",\"6\",{\"className\":\"gnb-menu-item\",\"children\":[\"$\",\"a\",null,{\"href\":\"https://www.coupang.com/np/goldbox\",\"className\":\"\",\"data-log\":\"{ id:'gnb_menu_item_GNB_V2', param:{sectionId:'gold_box'} }\",\"children\":[[\"$\",\"img\",null,{\"loading\":\"lazy\",\"className\":\"gnb-menu-item__icon\",\"alt\":\"골드박스\",\"src\":\"https://image8.coupangcdn.com/image/coupang/home/icons/web/kr/gold-box.png\"}],[\"$\",\"span\",null,{\"children\":\"골드박스\"}],null]}]}],[\"$\",\"li\",\"7\",{\"className\":\"gnb-menu-item\",\"children\":[\"$\",\"a\",null,{\"href\":\"https://pages.coupang.com/p/136938\",\"className\":\"\",\"data-log\":\"{ id:'gnb_menu_item_GNB_V2', param:{sectionId:'null'} }\",\"children\":[[\"$\",\"img\",null,{\"loading\":\"lazy\",\"className\":\"gnb-menu-item__icon\",\"alt\":\"이달의신상\",\"src\":\"https://image8.coupangcdn.com/image/coupang/home/icons/web/kr/new-item-of-month.png\"}],[\"$\",\"span\",null,{\"children\":\"이달의신상\"}],null]}]}],[\"$\",\"li\",\"8\",{\"className\":\"gnb-menu-item\",\"children\":[\"$\",\"a\",null,{\"href\":\"https://www.coupang.com/np/omp\",\"className\":\"\",\"data-log\":\"{ id:'gnb_menu_item_GNB_V2', param:{sectionId:'null'} }\",\"children\":[[\"$\",\"img\",null,{\"loading\":\"lazy\",\"className\":\"gnb-menu-item__icon\",\"alt\":\"판매자특가\",\"src\":\"https://image7.coupangcdn.com/image/coupang/home/icons/web/kr/omp.png\"}],[\"$\",\"span\",null,{\"children\":\"판매자특가\"}],null]}]}],[\"$\",\"li\",\"9\",{\"className\":\"gnb-menu-item\",\"children\":[\"$\",\"a\",null,{\"href\":\"https://www.coupang.com/np/campaigns/83\",\"className\":\"\",\"data-log\":\"{ id:'gnb_menu_item_GNB_V2', param:{sectionId:'subscription'} }\",\"children\":[[\"$\",\"img\",null,{\"loading\":\"lazy\",\"className\":\"gnb-menu-item__icon\",\"alt\":\"와우회원할인\",\"src\":\"https://image6.coupangcdn.com/image/coupang/home/icons/web/kr/wow.png\"}],[\"$\",\"span\",null,{\"children\":\"와우회원할인\"}],null]}]}],[\"$\",\"li\",\"10\",{\"className\":\"gnb-menu-item\",\"children\":[\"$\",\"a\",null,{\"href\":\"https://www.coupang.com/np/coupangbenefit\",\"className\":\"\",\"data-log\":\"{ id:'gnb_menu_item_GNB_V2', param:{sectionId:'coupangbenefit'} }\",\"children\":[[\"$\",\"img\",null,{\"loading\":\"lazy\",\"className\":\"gnb-menu-item__icon\",\"alt\":\"이벤트/쿠폰\",\"src\":\"https://image8.coupangcdn.com/image/coupang/home/icons/web/kr/benefit.png\"}],[\"$\",\"span\",null,{\"children\":\"이벤트/쿠폰\"}],null]}]}],[\"$\",\"li\",\"11\",{\"className\":\"gnb-menu-item\",\"children\":[\"$\",\"a\",null,{\"href\":\"https://pages.coupang.com/p/54908\",\"className\":\"\",\"data-log\":\"{ id:'gnb_menu_item_GNB_V2', param:{sectionId:'null'} }\",\"children\":[[\"$\",\"img\",null,{\"loading\":\"lazy\",\"className\":\"gnb-menu-item__icon\",\"alt\":\"반품마켓\",\"src\":\"https://image7.coupangcdn.com/image/coupang/home/icons/web/kr/returned-market.png\"}],[\"$\",\"span\",null,{\"children\":\"반품마켓\"}],null]}]}],[\"$\",\"li\",\"12\",{\"className\":\"gnb-menu-item\",\"children\":[\"$\",\"a\",null,{\"href\":\"https://pages.coupang.com/p/63240\",\"className\":\"\",\"data-log\":\"{ id:'gnb_menu_item_GNB_V2', param:{sectionId:'null'} }\",\"children\":[[\"$\",\"img\",null,{\"loading\":\"lazy\",\"className\":\"gnb-menu-item__icon\",\"alt\":\"착한상점\",\"src\":\"https://image6.coupangcdn.com/image/coupang/home/icons/web/kr/sustainable-market.png\"}],[\"$\",\"span\",null,{\"children\":\"착한상점\"}],[\"$\",\"i\",null,{\"className\":\"in \",\"data-new-tag-exposure-mills\":\"0\"}]]}]}],[\"$\",\"li\",\"13\",{\"className\":\"gnb-menu-item\",\"children\":[\"$\",\"a\",null,{\"href\":\"https://pages.coupang.com/p/bep\",\"className\":\"\",\"data-log\":\"{ id:'gnb_menu_item_GNB_V2', param:{sectionId:'exhibition'} }\",\"children\":[[\"$\",\"img\",null,{\"loading\":\"lazy\",\"className\":\"gnb-menu-item__icon\",\"alt\":\"기획전\",\"src\":\"https://image6.coupangcdn.com/image/coupang/home/icons/web/kr/event.png\"}],[\"$\",\"span\",null,{\"children\":\"기획전\"}],null]}]}],[\"$\",\"li\",\"14\",{\"className\":\"gnb-menu-item\",\"children\":[\"$\",\"a\",null,{\"href\":\"https://trip.coupang.com/?channel=gnb\",\"className\":\"\",\"data-log\":\"{ id:'gnb_menu_item_GNB_V2', param:{sectionId:'null'} }\",\"children\":[[\"$\",\"img\",null,{\"loading\":\"lazy\",\"className\":\"gnb-menu-item__icon\",\"alt\":\"쿠팡트래블\",\"src\":\"https://image6.coupangcdn.com/image/coupang/home/icons/web/kr/travel.png\"}],[\"$\",\"span\",null,{\"children\":\"쿠팡트래블\"}],[\"$\",\"i\",null,{\"className\":\"in \",\"data-new-tag-exposure-mills\":\"0\"}]]}]}],[\"$\",\"li\",\"15\",{\"className\":\"gnb-menu-item\",\"children\":[\"$\",\"a\",null,{\"href\":\"https://wing.coupang.com/tenants/vendor-signup/signup?utm_source=button_pc_coupang_shortcut_1\u0026utm_medium=non_paid\u0026utm_id=onsite_ca\u0026utm_content=202411\",\"className\":\"\",\"data-log\":\"{ id:'gnb_menu_item_GNB_V2', param:{sectionId:'null'} }\",\"children\":[[\"$\",\"img\",null,{\"loading\":\"lazy\",\"className\":\"gnb-menu-item__icon\",\"alt\":\"입점신청\",\"src\":\"https://image8.coupangcdn.com/image/coupang/home/icons/web/kr/sell-on-coupang.png\"}],[\"$\",\"span\",null,{\"children\":\"입점신청\"}],null]}]}]]}]}],[\"$\",\"a\",null,{\"className\":\"gnb-menu-btn gnb-menu-btn-right gnb-menu-btn-active\",\"tabIndex\":0,\"children\":[\"$\",\"span\",null,{}]}]]}]}]]}]]}],[\"$\",\"div\",null,{\"className\":\"fw-block fw-border-b-[1px] fw-border-t-[1px] fw-border-[#C4CDD5] fw-p-[10px] s1024:fw-hidden\",\"children\":[[\"$\",\"form\",null,{\"id\":\"wa-search-form-tablet\",\"action\":\"/np/search\",\"className\":\"product-search search-form fw-flex fw-flex-1 fw-items-center fw-border-0  fw-border-2\",\"data-sentry-component\":\"Search\",\"data-sentry-source-file\":\"Search.tsx\",\"children\":[[\"$\",\"div\",null,{\"className\":\"select--category fw-w-[90px] s500:fw-w-[135px]\",\"children\":[[\"$\",\"span\",null,{\"className\":\"select--category--button\"}],[\"$\",\"a\",null,{\"className\":\"select--category__current\",\"id\":\"currentCategoryText\",\"children\":\"전체\"}]]}],[\"$\",\"div\",null,{\"className\":\"header-searchForm fw-relative fw-flex-1\",\"children\":[[\"$\",\"input\",null,{\"type\":\"text\",\"defaultValue\":\"일본과자\",\"maxLength\":49,\"placeholder\":\"찾고 싶은 상품을 검색해보세요!\",\"className\":\"headerSearchKeyword coupang-search fw-h-full fw-w-full fw-bg-white fw-indent-[10px] fw-text-[14px] fw-outline-none\",\"name\":\"q\",\"title\":\"쿠팡 상품 검색\",\"autoComplete\":\"off\"}],[\"$\",\"div\",null,{\"className\":\"headerPopupWords popularity-words\",\"style\":{\"zIndex\":9999},\"children\":[[\"$\",\"div\",null,{\"className\":\"autocomplete_wrap\"}],[\"$\",\"div\",null,{\"className\":\"history-btns\",\"children\":[[\"$\",\"span\",null,{\"className\":\"delete-all-kwdhistory del-button\",\"children\":\"전체삭제\"}],[\"$\",\"span\",null,{\"className\":\"history-on-off on\",\"children\":\"최근검색어끄기\"}]]}]]}]]}],[\"$\",\"a\",null,{\"className\":\"speech-mic fw-mr-[12px] fw-hidden fw-flex-none fw-cursor-pointer\"}],[\"$\",\"button\",null,{\"type\":\"submit\",\"className\":\"headerSearchBtn fw-mr-[12px] fw-inline-block fw-flex-none\",\"title\":\"검색\",\"children\":[\"$\",\"img\",null,{\"loading\":\"lazy\",\"alt\":\"\",\"width\":20,\"height\":21,\"src\":\"https://front.coupangcdn.com/front-web-next/_next/static/media/search.85cd3dbf.png\"}]}],[\"$\",\"input\",null,{\"type\":\"hidden\",\"name\":\"channel\",\"value\":\"user\"}]]}],[\"$\",\"$L2d\",null,{\"className\":\"fw-block fw-overflow-auto fw-whitespace-nowrap fw-pl-[10px] fw-pt-[5px] s600:fw-hidden\",\"keywords\":\"$15:0:0:props:children:1:props:children:0:props:children:0:props:children:1:props:keywords\"}]]}],[\"$\",\"div\",null,{\"className\":\"fw-mt-[8px] fw-hidden fw-items-center fw-justify-between s768:fw-flex s1024:fw-hidden\",\"children\":[\"$\",\"div\",null,{\"id\":\"quick-category-tablet\",\"className\":\" gnb-menu-container fw-hidden fw-pl-[20px] s600:fw-block\",\"data-sentry-component\":\"QuickCategory\",\"data-sentry-source-file\":\"QuickCategory.tsx\",\"children\":[[\"$\",\"a\",null,{\"className\":\"gnb-menu-btn gnb-menu-btn-left\",\"tabIndex\":0,\"children\":[\"$\",\"span\",null,{}]}],[\"$\",\"div\",null,{\"className\":\"fw-w-0\",\"children\":[\"$\",\"ul\",null,{\"className\":\"gnb-menu-scroll\",\"children\":[[\"$\",\"li\",\"0\",{\"className\":\"gnb-menu-item\",\"children\":[\"$\",\"a\",null,{\"href\":\"https://www.coupangplay.com/catalog\",\"className\":\"\",\"data-log\":\"{ id:'gnb_menu_item_GNB_V2', param:{sectionId:'coupangplay'} }\",\"target\":\"_blank\",\"children\":[[\"$\",\"img\",null,{\"loading\":\"lazy\",\"className\":\"gnb-menu-item__icon\",\"alt\":\"쿠팡플레이\",\"src\":\"https://image7.coupangcdn.com/image/coupang/home/icons/web/kr/coupang-play.png\"}],[\"$\",\"span\",null,{\"children\":\"쿠팡플레이\"}],null]}]}],[\"$\",\"li\",\"1\",{\"className\":\"gnb-menu-item\",\"children\":[\"$\",\"a\",null,{\"href\":\"https://www.coupang.com/np/campaigns/82\",\"className\":\"\",\"data-log\":\"{ id:'gnb_menu_item_GNB_V2', param:{sectionId:'rocketdelivery'} }\",\"children\":[[\"$\",\"img\",null,{\"loading\":\"lazy\",\"className\":\"gnb-menu-item__icon\",\"alt\":\"로켓배송\",\"src\":\"https://image8.coupangcdn.com/image/coupang/home/icons/web/kr/rocket-delivery.png\"}],[\"$\",\"span\",null,{\"children\":\"로켓배송\"}],null]}]}],[\"$\",\"li\",\"2\",{\"className\":\"gnb-menu-item\",\"children\":[\"$\",\"a\",null,{\"href\":\"https://www.coupang.com/np/categories/393760\",\"className\":\"\",\"data-log\":\"{ id:'gnb_menu_item_GNB_V2', param:{sectionId:'rocketfresh'} }\",\"children\":[[\"$\",\"img\",null,{\"loading\":\"lazy\",\"className\":\"gnb-menu-item__icon\",\"alt\":\"로켓프레시\",\"src\":\"https://image7.coupangcdn.com/image/coupang/home/icons/web/kr/rocket-fresh.png\"}],[\"$\",\"span\",null,{\"children\":\"로켓프레시\"}],null]}]}],[\"$\",\"li\",\"3\",{\"className\":\"gnb-menu-item\",\"children\":[\"$\",\"a\",null,{\"href\":\"https://www.coupang.com/np/fbi?sourceType=home_section_fbi\",\"className\":\"\",\"data-log\":\"{ id:'gnb_menu_item_GNB_V2', param:{sectionId:'frequent_buy_item'} }\",\"children\":[[\"$\",\"img\",null,{\"loading\":\"lazy\",\"className\":\"gnb-menu-item__icon\",\"alt\":\"다시 구매\",\"src\":\"https://image10.coupangcdn.com/image/coupang/common/fbi_icon_3x.png\"}],[\"$\",\"span\",null,{\"children\":\"다시 구매\"}],[\"$\",\"i\",null,{\"className\":\"in in-exposure\",\"data-new-tag-exposure-mills\":2592000000}]]}]}],[\"$\",\"li\",\"4\",{\"className\":\"gnb-menu-item\",\"children\":[\"$\",\"a\",null,{\"href\":\"https://login.coupang.com/corporation/member/landing-page\",\"className\":\"\",\"data-log\":\"{ id:'gnb_menu_item_GNB_V2', param:{sectionId:'businessmall_landing'} }\",\"children\":[[\"$\",\"img\",null,{\"loading\":\"lazy\",\"className\":\"gnb-menu-item__icon\",\"alt\":\"쿠팡비즈\",\"src\":\"https://image6.coupangcdn.com/image/coupang/home/icons/web/kr/biz.png\"}],[\"$\",\"span\",null,{\"children\":\"쿠팡비즈\"}],null]}]}],[\"$\",\"li\",\"5\",{\"className\":\"gnb-menu-item\",\"children\":[\"$\",\"a\",null,{\"href\":\"https://www.coupang.com/np/coupangglobal\",\"className\":\"\",\"data-log\":\"{ id:'gnb_menu_item_GNB_V2', param:{sectionId:'coupangglobal'} }\",\"children\":[[\"$\",\"img\",null,{\"loading\":\"lazy\",\"className\":\"gnb-menu-item__icon\",\"alt\":\"로켓직구\",\"src\":\"https://image10.coupangcdn.com/image/coupang/home/icons/web/kr/oversea-delivery.png\"}],[\"$\",\"span\",null,{\"children\":\"로켓직구\"}],null]}]}],[\"$\",\"li\",\"6\",{\"className\":\"gnb-menu-item\",\"children\":[\"$\",\"a\",null,{\"href\":\"https://www.coupang.com/np/goldbox\",\"className\":\"\",\"data-log\":\"{ id:'gnb_menu_item_GNB_V2', param:{sectionId:'gold_box'} }\",\"children\":[[\"$\",\"img\",null,{\"loading\":\"lazy\",\"className\":\"gnb-menu-item__icon\",\"alt\":\"골드박스\",\"src\":\"https://image8.coupangcdn.com/image/coupang/home/icons/web/kr/gold-box.png\"}],[\"$\",\"span\",null,{\"children\":\"골드박스\"}],null]}]}],[\"$\",\"li\",\"7\",{\"className\":\"gnb-menu-item\",\"children\":[\"$\",\"a\",null,{\"href\":\"https://pages.coupang.com/p/136938\",\"className\":\"\",\"data-log\":\"{ id:'gnb_menu_item_GNB_V2', param:{sectionId:'null'} }\",\"children\":[[\"$\",\"img\",null,{\"loading\":\"lazy\",\"className\":\"gnb-menu-item__icon\",\"alt\":\"이달의신상\",\"src\":\"https://image8.coupangcdn.com/image/coupang/home/icons/web/kr/new-item-of-month.png\"}],[\"$\",\"span\",null,{\"children\":\"이달의신상\"}],null]}]}],[\"$\",\"li\",\"8\",{\"className\":\"gnb-menu-item\",\"children\":[\"$\",\"a\",null,{\"href\":\"https://www.coupang.com/np/omp\",\"className\":\"\",\"data-log\":\"{ id:'gnb_menu_item_GNB_V2', param:{sectionId:'null'} }\",\"children\":[[\"$\",\"img\",null,{\"loading\":\"lazy\",\"className\":\"gnb-menu-item__icon\",\"alt\":\"판매자특가\",\"src\":\"https://image7.coupangcdn.com/image/coupang/home/icons/web/kr/omp.png\"}],[\"$\",\"span\",null,{\"children\":\"판매자특가\"}],null]}]}],[\"$\",\"li\",\"9\",{\"className\":\"gnb-menu-item\",\"children\":[\"$\",\"a\",null,{\"href\":\"https://www.coupang.com/np/campaigns/83\",\"className\":\"\",\"data-log\":\"{ id:'gnb_menu_item_GNB_V2', param:{sectionId:'subscription'} }\",\"children\":[[\"$\",\"img\",null,{\"loading\":\"lazy\",\"className\":\"gnb-menu-item__icon\",\"alt\":\"와우회원할인\",\"src\":\"https://image6.coupangcdn.com/image/coupang/home/icons/web/kr/wow.png\"}],[\"$\",\"span\",null,{\"children\":\"와우회원할인\"}],null]}]}],[\"$\",\"li\",\"10\",{\"className\":\"gnb-menu-item\",\"children\":[\"$\",\"a\",null,{\"href\":\"https://www.coupang.com/np/coupangbenefit\",\"className\":\"\",\"data-log\":\"{ id:'gnb_menu_item_GNB_V2', param:{sectionId:'coupangbenefit'} }\",\"children\":[[\"$\",\"img\",null,{\"loading\":\"lazy\",\"className\":\"gnb-menu-item__icon\",\"alt\":\"이벤트/쿠폰\",\"src\":\"https://image8.coupangcdn.com/image/coupang/home/icons/web/kr/benefit.png\"}],[\"$\",\"span\",null,{\"children\":\"이벤트/쿠폰\"}],null]}]}],[\"$\",\"li\",\"11\",{\"className\":\"gnb-menu-item\",\"children\":[\"$\",\"a\",null,{\"href\":\"https://pages.coupang.com/p/54908\",\"className\":\"\",\"data-log\":\"{ id:'gnb_menu_item_GNB_V2', param:{sectionId:'null'} }\",\"children\":[[\"$\",\"img\",null,{\"loading\":\"lazy\",\"className\":\"gnb-menu-item__icon\",\"alt\":\"반품마켓\",\"src\":\"https://image7.coupangcdn.com/image/coupang/home/icons/web/kr/returned-market.png\"}],[\"$\",\"span\",null,{\"children\":\"반품마켓\"}],null]}]}],[\"$\",\"li\",\"12\",{\"className\":\"gnb-menu-item\",\"children\":[\"$\",\"a\",null,{\"href\":\"https://pages.coupang.com/p/63240\",\"className\":\"\",\"data-log\":\"{ id:'gnb_menu_item_GNB_V2', param:{sectionId:'null'} }\",\"children\":[[\"$\",\"img\",null,{\"loading\":\"lazy\",\"className\":\"gnb-menu-item__icon\",\"alt\":\"착한상점\",\"src\":\"https://image6.coupangcdn.com/image/coupang/home/icons/web/kr/sustainable-market.png\"}],[\"$\",\"span\",null,{\"children\":\"착한상점\"}],[\"$\",\"i\",null,{\"className\":\"in \",\"data-new-tag-exposure-mills\":\"0\"}]]}]}],[\"$\",\"li\",\"13\",{\"className\":\"gnb-menu-item\",\"children\":[\"$\",\"a\",null,{\"href\":\"https://pages.coupang.com/p/bep\",\"className\":\"\",\"data-log\":\"{ id:'gnb_menu_item_GNB_V2', param:{sectionId:'exhibition'} }\",\"children\":[[\"$\",\"img\",null,{\"loading\":\"lazy\",\"className\":\"gnb-menu-item__icon\",\"alt\":\"기획전\",\"src\":\"https://image6.coupangcdn.com/image/coupang/home/icons/web/kr/event.png\"}],[\"$\",\"span\",null,{\"children\":\"기획전\"}],null]}]}],[\"$\",\"li\",\"14\",{\"className\":\"gnb-menu-item\",\"children\":[\"$\",\"a\",null,{\"href\":\"https://trip.coupang.com/?channel=gnb\",\"className\":\"\",\"data-log\":\"{ id:'gnb_menu_item_GNB_V2', param:{sectionId:'null'} }\",\"children\":[[\"$\",\"img\",null,{\"loading\":\"lazy\",\"className\":\"gnb-menu-item__icon\",\"alt\":\"쿠팡트래블\",\"src\":\"https://image6.coupangcdn.com/image/coupang/home/icons/web/kr/travel.png\"}],[\"$\",\"span\",null,{\"children\":\"쿠팡트래블\"}],[\"$\",\"i\",null,{\"className\":\"in \",\"data-new-tag-exposure-mills\":\"0\"}]]}]}],[\"$\",\"li\",\"15\",{\"className\":\"gnb-menu-item\",\"children\":[\"$\",\"a\",null,{\"href\":\"https://wing.coupang.com/tenants/vendor-signup/signup?utm_source=button_pc_coupang_shortcut_1\u0026utm_medium=non_paid\u0026utm_id=onsite_ca\u0026utm_content=202411\",\"className\":\"\",\"data-log\":\"{ id:'gnb_menu_item_GNB_V2', param:{sectionId:'null'} }\",\"children\":[[\"$\",\"img\",null,{\"loading\":\"lazy\",\"className\":\"gnb-menu-item__icon\",\"alt\":\"입점신청\",\"src\":\"https://image8.coupangcdn.com/image/coupang/home/icons/web/kr/sell-on-coupang.png\"}],[\"$\",\"span\",null,{\"children\":\"입점신청\"}],null]}]}]]}]}],[\"$\",\"a\",null,{\"className\":\"gnb-menu-btn gnb-menu-btn-right gnb-menu-btn-active\",\"tabIndex\":0,\"children\":[\"$\",\"span\",null,{}]}]]}]}]]}]]}],[\"$\",\"div\",null,{\"className\":\"fw-relative\",\"children\":[\"$\",\"article\",null,{\"id\":\"wa-sidebar\",\"style\":{\"zIndex\":9900},\"className\":\"fw-absolute fw-hidden srp-sidebar fw-top-[50px] s1024:fw-hidden s1300:fw-block\",\"data-sentry-component\":\"Sidebar\",\"data-sentry-source-file\":\"Sidebar.tsx\",\"children\":[null,null,false,[\"$\",\"section\",null,{\"id\":\"wa-recent-view\",\"data-fodium\":\"//reco.coupang.com\",\"children\":[[\"$\",\"div\",null,{\"className\":\"side-cart\",\"children\":[\"$\",\"a\",null,{\"href\":\"//cart.coupang.com/cartView.pang\",\"data-log\":\"{\\\"logCategory\\\":\\\"event\\\", \\\"logType\\\":\\\"click\\\", \\\"logLabel\\\":\\\"cart\\\",\\\"grp\\\":\\\"sideBar\\\"}\",\"children\":[[\"$\",\"span\",null,{\"className\":\"fw-inline-block fw-text-[11px] fw-leading-[13px]\",\"children\":\"장바구니\"}],[\"$\",\"em\",null,{\"className\":\"cart-count\"}]]}]}],[\"$\",\"div\",null,{\"className\":\"recently-viewed-products\",\"children\":[[\"$\",\"span\",null,{\"className\":\"fw-inline-block fw-text-[11px] fw-leading-[13px]\",\"children\":\"최근본상품\"}],[\"$\",\"em\",null,{\"className\":\"total-element\"}]]}],[\"$\",\"div\",null,{\"className\":\"recently-viewed-list\",\"children\":[[\"$\",\"ul\",null,{\"className\":\"recently-viewed-page\"}],[\"$\",\"p\",null,{\"className\":\"recent-viewed-paging\",\"children\":[[\"$\",\"span\",null,{\"className\":\"counter\",\"children\":[[\"$\",\"strong\",null,{\"className\":\"pageNumber\"}],\"/\",[\"$\",\"em\",null,{\"className\":\"total-pages\"}]]}],[\"$\",\"span\",null,{\"className\":\"recentlyViewedBtn\",\"children\":[[\"$\",\"a\",null,{\"href\":\"이전 페이지 보기\",\"className\":\"move prev\",\"children\":\"prev\"}],[\"$\",\"a\",null,{\"href\":\"다음 페이지 보기\",\"className\":\"move next\",\"children\":\"next\"}]]}]]}]]}]]}]]}]}],[\"$\",\"div\",null,{\"id\":\"wa-goto-top\",\"style\":{\"zIndex\":9950},\"className\":\"!fw-bottom-[85px] fixed\",\"data-sentry-component\":\"GotoTop\",\"data-sentry-source-file\":\"GotoTop.tsx\",\"children\":[\"$\",\"button\",null,{\"className\":\"goto-top__button\",\"children\":[\"$\",\"i\",null,{\"className\":\"goto-top__arrow\"}]}]}],[\"$\",\"div\",null,{\"id\":\"wa-banners\"}]],[\"$L2e\",[\"$\",\"$L2\",null,{\"parallelRouterKey\":\"children\",\"error\":\"$undefined\",\"errorStyles\":\"$undefined\",\"errorScripts\":\"$undefined\",\"template\":[\"$\",\"$L3\",null,{}],\"templateStyles\":\"$undefined\",\"templateScripts\":\"$undefined\",\"notFound\":\"$undefined\",\"forbidden\":\"$undefined\",\"unauthorized\":\"$undefined\"}]],[[\"$\",\"footer\",null,{\"id\":\"wa-footer\",\"data-sentry-component\":\"Footer\",\"data-sentry-source-file\":\"Footer.tsx\",\"children\":[[\"$\",\"div\",null,{\"className\":\"footer-layer1 is-narrowed fw-flex fw-items-center fw-justify-center max-s768:fw-flex-col\",\"style\":{\"justifyContent\":\"center\"},\"children\":[[\"$\",\"div\",null,{\"className\":\"fw-flex fw-flex-wrap\",\"children\":[[\"$\",\"a\",null,{\"href\":\"https://news.coupang.com/\",\"target\":\"_blank\",\"children\":\"회사소개\"}],[\"$\",\"a\",null,{\"href\":\"https://ir.aboutcoupang.com/English/home/\",\"target\":\"_blank\",\"children\":\"Investor Relations\"}],[\"$\",\"a\",null,{\"href\":\"https://rocketyourcareer.kr.coupang.com\",\"target\":\"_blank\",\"children\":\"인재채용\"}],[\"$\",\"a\",null,{\"href\":\"https://marketplace.coupangcorp.com/s/?utm_source=button_pc\u0026utm_medium=non_paid\u0026utm_campaign=onsite_ca\u0026utm_id=coupang_app?inflow=WEB_FOOTER_B\",\"children\":\"입점 / 제휴문의\"}],[\"$\",\"a\",null,{\"href\":\"https://mc.coupang.com/ssr/desktop/contact/notice\",\"children\":[\" \",\"공지사항\"]}],[\"$\",\"a\",null,{\"href\":\"https://mc.coupang.com/ssr/desktop/contact/voc\",\"children\":[\" \",\"고객의 소리\"]}],[\"$\",\"a\",null,{\"href\":\"https://www.coupang.com/np/policies/terms\",\"children\":[\" \",\"이용약관\"]}],[\"$\",\"a\",null,{\"href\":\"https://privacy.coupang.com/ko/center/coupang\",\"children\":\" 개인정보 처리방침\"}],[\"$\",\"a\",null,{\"href\":\"https://rocketpay.coupang.com/rocketpay/operationTerms/coupangPcFooter\",\"children\":\"쿠팡페이 이용약관\"}],[\"$\",\"a\",null,{\"href\":\"https://www.coupang.com/np/safety\",\"children\":[\" \",\"신뢰관리센터\"]}],[\"$\",\"a\",null,{\"href\":\"https://partners.coupang.com/\",\"target\":\"_blank\",\"children\":\"제휴마케팅\"}],[\"$\",\"a\",null,{\"href\":\"https://ads.coupang.com\",\"target\":\"_blank\",\"children\":\"광고안내\"}]]}],[\"$\",\"div\",null,{\"className\":\"fw-inline-block max-s768:fw-mx-[16px] max-s768:fw-mt-[15px] max-s768:fw-block max-s768:fw-w-full\",\"children\":[\"$\",\"div\",null,{\"id\":\"site-picker\",\"className\":\"site-picker fw-w-[180px] max-s768:fw-w-auto\",\"children\":[[\"$\",\"span\",null,{\"id\":\"site-picker-select\",\"className\":\"site-picker-label fw-w-full\",\"children\":[[\"$\",\"p\",null,{\"children\":\"Global Site\"}],\" \",[\"$\",\"span\",null,{\"className\":\"site-picker__arrow\"}]]}],[\"$\",\"ul\",null,{\"style\":{\"zIndex\":9999},\"children\":[\"$\",\"li\",null,{\"children\":[\"$\",\"a\",null,{\"href\":\"https://www.tw.coupang.com\",\"children\":\"Coupang Taiwan 酷澎台灣\"}]}]}]]}]}]]}],[\"$\",\"div\",null,{\"className\":\"footer-layer2 fw-flex fw-max-w-[768px] fw-justify-between fw-p-[16px] max-s768:fw-flex-col max-s768:fw-gap-[32px] max-s768:fw-px-[15px]\",\"children\":[[\"$\",\"address\",null,{\"className\":\"fw-flex fw-gap-[24px] max-s768:fw-flex-col\",\"children\":[[\"$\",\"a\",null,{\"className\":\"logo fw-opacity-50\",\"href\":\"https://www.coupang.com/\",\"title\":\"COUPANG\",\"children\":[\"$\",\"img\",null,{\"src\":\"https://front.coupangcdn.com/front-web-next/_next/static/media/logo.f2c4ccb2.png\",\"alt\":\"\",\"loading\":\"lazy\"}]}],[\"$\",\"div\",null,{\"children\":[[\"상호명 및 호스팅 서비스 제공 : 쿠팡(주)                \",[\"$\",\"br\",\"br1\",{\"data-sentry-component\":\"br\",\"data-sentry-source-file\":\"formatter.tsx\"}],\" 대표이사 : 강한승,박대준                \",[\"$\",\"br\",\"br2\",{\"data-sentry-component\":\"br\",\"data-sentry-source-file\":\"formatter.tsx\"}],\" 서울시 송파구 송파대로 570 \",[\"$\",\"br\",\"br3\",{\"data-sentry-component\":\"br\",\"data-sentry-source-file\":\"formatter.tsx\"}],\" 사업자 등록번호 : 120-88-00767 \",[\"$\",\"br\",\"br4\",{\"data-sentry-component\":\"br\",\"data-sentry-source-file\":\"formatter.tsx\"}],\"                통신판매업신고 : 2017-서울송파-0680                \",[\"$\",\"br\",\"br5\",{\"data-sentry-component\":\"br\",\"data-sentry-source-file\":\"formatter.tsx\"}]],[\"$\",\"a\",\"a\",{\"href\":\"http://www.ftc.go.kr/info/bizinfo/communicationViewPopup.jsp?wrkr_no=1208800767\",\"target\":\"_blank\",\"className\":\"licensee\",\"children\":\"사업자정보 확인 \u003e\"}]]}]]}],[\"$\",\"div\",null,{\"className\":\"contact-info\",\"children\":[\"$\",\"a\",null,{\"href\":\"https://mc.coupang.com/ssr/desktop/contact/inquiry\",\"className\":\"call-center\",\"children\":[\" \",[\"$\",\"strong\",\"strong1\",{\"data-sentry-component\":\"strong\",\"data-sentry-source-file\":\"formatter.tsx\",\"children\":[\"365고객센터\"]}],\" | 전자금융거래분쟁처리담당              \",[\"$\",\"br\",\"br1\",{\"data-sentry-component\":\"br\",\"data-sentry-source-file\":\"formatter.tsx\"}],\" \",[\"$\",\"em\",\"em1\",{\"data-sentry-component\":\"em\",\"data-sentry-source-file\":\"formatter.tsx\",\"children\":[\"1577-7011 (유료)\"]}],\" 서울시 송파구 송파대로 570              \",[\"$\",\"br\",\"br2\",{\"data-sentry-component\":\"br\",\"data-sentry-source-file\":\"formatter.tsx\"}],\"              \",[\"$\",\"span\",\"fax1\",{\"className\":\"contact-fax\",\"data-sentry-component\":\"fax\",\"data-sentry-source-file\":\"formatter.tsx\",\"children\":[\"email : help@coupang.com\"]}]]}]}],[\"$\",\"p\",null,{\"className\":\"safe-service\",\"children\":[[[\"$\",\"strong\",\"strong1\",{\"data-sentry-component\":\"strong\",\"data-sentry-source-file\":\"formatter.tsx\",\"children\":[\"채무지급보증 안내\"]}],\"            \",[\"$\",\"br\",\"br1\",{\"data-sentry-component\":\"br\",\"data-sentry-source-file\":\"formatter.tsx\"}],\"            \",[\"$\",\"span\",\"span1\",{\"data-sentry-component\":\"span\",\"data-sentry-source-file\":\"formatter.tsx\",\"children\":[\"              당사는 고객님이 현금 결제한 금액에 대해              \",[\"$\",\"br\",\"br2\",{\"data-sentry-component\":\"br\",\"data-sentry-source-file\":\"formatter.tsx\"}],\" 채무지급보증 계약을 체결하여              \",[\"$\",\"br\",\"br3\",{\"data-sentry-component\":\"br\",\"data-sentry-source-file\":\"formatter.tsx\"}],\" 안전거래를 보장하고 있습니다.              \",[\"$\",\"br\",\"br4\",{\"data-sentry-component\":\"br\",\"data-sentry-source-file\":\"formatter.tsx\"}],\"            \"]}]],[\"$\",\"a\",null,{\"id\":\"serviceCheck\",\"className\":\"service-check fw-cursor-pointer\",\"children\":\"서비스 가입사실 확인 \u003e\"}]]}]]}],[\"$\",\"div\",null,{\"className\":\"fw-mx-auto fw-mb-[20px] fw-mt-[15px] fw-hidden fw-border-b-[1px] fw-border-b-[#ddd] s768:fw-block s1500:fw-max-w-[968px]\"}],[\"$\",\"div\",null,{\"className\":\"fw-mx-auto fw-mb-[16px] fw-grid fw-max-w-[968px] fw-grid-cols-1 fw-items-center fw-justify-between fw-gap-[8px] fw-px-[14px] fw-text-[11px] fw-text-[#768695] s500:fw-grid-cols-2 s768:fw-grid-cols-3 s1024:fw-flex\",\"children\":[[\"$\",\"div\",null,{\"children\":[\"$\",\"div\",null,{\"className\":\"fw-flex fw-items-center\",\"children\":[[\"$\",\"img\",null,{\"alt\":\"\",\"loading\":\"lazy\",\"src\":\"https://front.coupangcdn.com/front-web-next/_next/static/media/1.bb473be6.png\",\"width\":36,\"height\":36}],[\"$\",\"div\",null,{\"children\":[\"[인증 범위] 쿠팡 서비스                \",[\"$\",\"br\",\"br1\",{\"data-sentry-component\":\"br\",\"data-sentry-source-file\":\"formatter.tsx\"}],\"                [유효 기간] 2024.03.03 - 2027.03.02\"]}]]}]}],[\"$\",\"div\",null,{\"children\":[\"$\",\"div\",null,{\"className\":\"fw-flex fw-items-center\",\"children\":[[\"$\",\"img\",null,{\"alt\":\"\",\"loading\":\"lazy\",\"src\":\"https://front.coupangcdn.com/front-web-next/_next/static/media/2.e9b28c7d.png\",\"width\":36,\"height\":36}],[\"$\",\"div\",null,{\"children\":[\"[인증 범위] 쿠팡 10개 서비스                \",[\"$\",\"br\",\"br1\",{\"data-sentry-component\":\"br\",\"data-sentry-source-file\":\"formatter.tsx\"}],\"                [유효 기간] 2024.08.05 - 2025.08.04\"]}]]}]}],[\"$\",\"div\",null,{\"children\":[\"$\",\"div\",null,{\"className\":\"fw-flex fw-items-center\",\"children\":[[\"$\",\"img\",null,{\"alt\":\"\",\"loading\":\"lazy\",\"src\":\"https://front.coupangcdn.com/front-web-next/_next/static/media/3.c5eaeb67.png\",\"width\":36,\"height\":36}],[\"$\",\"div\",null,{\"children\":[\"ISO/IEC 27001/27701/27017 인증획득                \",[\"$\",\"br\",\"br1\",{\"data-sentry-component\":\"br\",\"data-sentry-source-file\":\"formatter.tsx\"}],\"                정보보호 및 개인정보보호 국제 표전 검증\"]}]]}]}],[\"$\",\"div\",null,{\"children\":[\"$\",\"div\",null,{\"className\":\"fw-flex fw-items-center\",\"children\":[[\"$\",\"img\",null,{\"alt\":\"\",\"loading\":\"lazy\",\"src\":\"https://front.coupangcdn.com/front-web-next/_next/static/media/4.b69d9f83.png\",\"width\":36,\"height\":36}],[\"$\",\"div\",null,{\"children\":[\"개인정보보호우수사이트                \",[\"$\",\"br\",\"br1\",{\"data-sentry-component\":\"br\",\"data-sentry-source-file\":\"formatter.tsx\"}],\"                ePRIVACY인증획득\"]}]]}]}],[\"$\",\"div\",null,{\"children\":[\"$\",\"img\",null,{\"alt\":\"\",\"loading\":\"lazy\",\"src\":\"https://front.coupangcdn.com/front-web-next/_next/static/media/5.73affd35.png\",\"width\":89,\"height\":36}]}],[\"$\",\"div\",null,{\"children\":[\"$\",\"img\",null,{\"alt\":\"\",\"loading\":\"lazy\",\"src\":\"https://front.coupangcdn.com/front-web-next/_next/static/media/6.901d77a5.png\",\"width\":55,\"height\":36}]}]]}],[\"$\",\"div\",null,{\"className\":\"footer-layer4\",\"children\":[\"$\",\"div\",null,{\"className\":\"coupang-copyright fw-mx-auto fw-flex fw-max-w-[968px] fw-items-center fw-justify-between fw-gap-[20px] max-s768:fw-flex-col max-s768:fw-items-start max-s768:fw-gap-[10px]\",\"children\":[[\"$\",\"p\",null,{\"className\":\"info\",\"children\":[\"사이버몰 내 판매되는 상품 중에는 쿠팡에 등록한 개별 판매자가 판매하는                마켓플레이스(오픈마켓) 상품이 포함되어 있습니다. \",[\"$\",\"br\",\"br1\",{\"data-sentry-component\":\"br\",\"data-sentry-source-file\":\"formatter.tsx\"}],\"                마켓플레이스(오픈마켓) 상품의 경우 쿠팡은 통신판매중개자이며 통신판매의 당사자가                아닙니다. \",[\"$\",\"br\",\"br2\",{\"data-sentry-component\":\"br\",\"data-sentry-source-file\":\"formatter.tsx\"}],\" 쿠팡은 마켓플레이스(오픈마켓) 상품, 거래정보 및 거래 등에 대하여                책임을 지지 않습니다. \",[\"$\",\"br\",\"br3\",{\"data-sentry-component\":\"br\",\"data-sentry-source-file\":\"formatter.tsx\"}],\"                쿠팡은 소비자 보호와 안전거래를 위해 신뢰관리센터(CM112@coupang.com)를 운영하고                있으며, 관련 분쟁이 발생할 경우 별도의 분쟁 처리절차에 의거 분쟁이 처리됩니다.                \",[\"$\",\"br\",\"br4\",{\"data-sentry-component\":\"br\",\"data-sentry-source-file\":\"formatter.tsx\"}],\" Copyright © Coupang Corp. 2010-2025 All Rights Reserved.\"]}],[\"$\",\"ul\",null,{\"className\":\"sns-link fw-flex\",\"children\":[[\"$\",\"li\",null,{\"children\":[\"$\",\"a\",null,{\"href\":\"https://www.facebook.com/Coupang.korea\",\"target\":\"_blank\",\"className\":\"facebook\",\"children\":[\"$\",\"img\",null,{\"loading\":\"lazy\",\"src\":\"https://front.coupangcdn.com/front-web-next/_next/static/media/f.34bde318.png\",\"alt\":\"\",\"width\":30,\"height\":30}]}]}],[\"$\",\"li\",null,{\"children\":[\"$\",\"a\",null,{\"href\":\"https://news.coupang.com/\",\"target\":\"_blank\",\"className\":\"blog\",\"children\":[\"$\",\"img\",null,{\"loading\":\"lazy\",\"src\":\"https://front.coupangcdn.com/front-web-next/_next/static/media/b.637cda1c.png\",\"className\":\"fw-rounded-full\",\"alt\":\"\",\"width\":30,\"height\":30}]}]}],[\"$\",\"li\",null,{\"children\":[\"$\",\"a\",null,{\"href\":\"https://www.instagram.com/coupang\",\"target\":\"_blank\",\"className\":\"instagram\",\"children\":[\"$\",\"img\",null,{\"src\":\"https://front.coupangcdn.com/front-web-next/_next/static/media/s.a7aca4ea.png\",\"alt\":\"\",\"loading\":\"lazy\",\"className\":\"fw-rounded-full fw-bg-white\",\"width\":30,\"height\":30}]}]}]]}]]}]}]]}],[\"$\",\"$L2f\",null,{\"id\":\"init-web-adapter\",\"strategy\":\"afterInteractive\",\"children\":\"\\n                if (window['__web_adapter_queue__']) {\\n          window['__web_adapter_queue__'].forEach(f=\u003ef()); \\n              }\\n        \"}],[[\"$\",\"$L2f\",\"0\",{\"id\":\"seo-js-sdk\",\"strategy\":\"lazyOnload\",\"data-seo-rule\":\"{\\\"enabled\\\":true,\\\"cookieEnabled\\\":false,\\\"sdkVersion\\\":\\\"1.0.2\\\"}\",\"src\":\"https://assets.coupangcdn.com/customjs/seo-js-sdk/1.0.2/seo-js-sdk.umd.min.js\"}]]]]}]}]\n"])</script>
<script>self.__next_f.push([1, "30:I[96618,[\"6619\",\"static/chunks/6619-920abe7360f7cb6c.js\",\"9870\",\"static/chunks/9870-1886363675d58e6c.js\",\"2104\",\"static/chunks/2104-051afdb34f5de399.js\",\"3785\",\"static/chunks/app/srp/layout-db50ecba27aa2aa4.js\"],\"StickSearchClient\"]\n"])</script>
<script>self.__next_f.push([1, "2e:[\"$\",\"$L30\",null,{\"controlClassName\":\"$undefined\",\"relatedKeywords\":[\"$\",\"$L2d\",null,{\"className\":\"fw-pl-[10px] fw-pt-[5px]\",\"keywords\":\"$15:0:0:props:children:1:props:children:0:props:children:0:props:children:1:props:keywords\"}],\"data-sentry-element\":\"StickSearchClient\",\"data-sentry-component\":\"StickSearch\",\"data-sentry-source-file\":\"StickSearch.tsx\",\"children\":[\"$\",\"form\",null,{\"id\":\"wa-sticky-search\",\"action\":\"/np/search\",\"className\":\"product-search search-form fw-flex fw-flex-1 fw-items-center fw-border-0  fw-border-2\",\"data-sentry-component\":\"Search\",\"data-sentry-source-file\":\"Search.tsx\",\"children\":[[\"$\",\"div\",null,{\"className\":\"select--category fw-w-[90px] s500:fw-w-[135px]\",\"children\":[[\"$\",\"span\",null,{\"className\":\"select--category--button\"}],[\"$\",\"a\",null,{\"className\":\"select--category__current\",\"id\":\"currentCategoryText\",\"children\":\"전체\"}]]}],[\"$\",\"div\",null,{\"className\":\"header-searchForm fw-relative fw-flex-1\",\"children\":[[\"$\",\"input\",null,{\"type\":\"text\",\"defaultValue\":\"일본과자\",\"maxLength\":49,\"placeholder\":\"찾고 싶은 상품을 검색해보세요!\",\"className\":\"headerSearchKeyword coupang-search fw-h-full fw-w-full fw-bg-white fw-indent-[10px] fw-text-[14px] fw-outline-none\",\"name\":\"q\",\"title\":\"쿠팡 상품 검색\",\"autoComplete\":\"off\"}],[\"$\",\"div\",null,{\"className\":\"headerPopupWords popularity-words\",\"style\":{\"zIndex\":9999},\"children\":[[\"$\",\"div\",null,{\"className\":\"autocomplete_wrap\"}],[\"$\",\"div\",null,{\"className\":\"history-btns\",\"children\":[[\"$\",\"span\",null,{\"className\":\"delete-all-kwdhistory del-button\",\"children\":\"전체삭제\"}],[\"$\",\"span\",null,{\"className\":\"history-on-off on\",\"children\":\"최근검색어끄기\"}]]}]]}]]}],[\"$\",\"a\",null,{\"className\":\"speech-mic fw-mr-[12px] fw-hidden fw-flex-none fw-cursor-pointer\"}],[\"$\",\"button\",null,{\"type\":\"submit\",\"className\":\"headerSearchBtn fw-mr-[12px] fw-inline-block fw-flex-none\",\"title\":\"검색\",\"children\":[\"$\",\"img\",null,{\"loading\":\"lazy\",\"alt\":\"\",\"width\":20,\"height\":21,\"src\":\"https://front.coupangcdn.com/front-web-next/_next/static/media/search.85cd3dbf.png\"}]}],[\"$\",\"input\",null,{\"type\":\"hidden\",\"name\":\"channel\",\"value\":\"user\"}]]}]}]\n"])</script>
<script type="text/javascript" src="/OpYgyJ/PpA/298/8iC_5Q/azOuSLSmf9N81wGu/ekt7IT0/fltd/bmwLAE0"></script>
<script type="text/javascript"
        src="/OpYgyJ/PpA/298/8iC_5Q/NwOuSLc3f9Oc/WEgAIj0/fCFz/Sm9FT30VAQ?v=47448e35-72b9-ca03-85ee-3777c3b2173b"
        defer></script>
</body>
</html>